3034 5200
295 738 358 796 ’216
563 749 700 794 Jonnnrs
716 750 996 796 snnnsnnnrnnsrs
1150 742 1196 814 [n.
1216 759 1246 801 n.

294 898 473 964 divinorum
489 897 698 961 reverentiam
719 898 953 965 mandatorum.
1003 902 1067 966 Sed
1087 925 1141 968 vas
1163 905 1248 968 elec-

296 1001 390 1065 tionis
407 1000 501 1064 fidem
526 999 716 1064 fiducialiter
737 1000 891 1087 eloquens
907 1013 928 1044 ‘⁴
941 1005 1027 1067 Aut”
1042 1004 1146 1092 inquit
1163 1017 1248 1072 “me

294 1101 427 1177 delebis,
442 1113 499 1166 aut
518 1101 588 1164 hoec
612 1101 684 1165 Deo
706 1100 836 1165 inimica
852 1105 1060 1189 praesumptio
1082 1119 1136 1169 tua
1158 1107 1248 1172 dele·

292 1203 395 1268 bitur:
434 1203 510 1290 quia
534 1202 593 1266 tibi
622 1202 699 1267 talia
728 1203 873 1268 molienti
902 1217 936 1269 et
964 1205 1010 1269 illi
1036 1208 1152 1271 servire
1180 1232 1243 1273 non

292 1310 451 1392 possum.”
497 1305 594 1370 Unde
611 1316 692 1369 nutu
707 1305 834 1370 favente
848 1307 957 1371 divino
976 1309 1118 1393 contigit,
1133 1321 1171 1375 ut
1189 1312 1245 1398 qui

292 1431 326 1473 ae
345 1431 402 1493 pro
420 1408 539 1473 honore
562 1408 625 1472 Dei
648 1408 848 1495 contempsit,
872 1409 1000 1494 plenam
1023 1425 1056 1474 et
1076 1411 1245 1495 gloriosam

291 1510 450 1596 acceperit
464 1533 484 1574 a
499 1509 639 1575 Domino
654 1521 855 1596 potestatem,
870 1533 934 1597 qua
952 1524 1116 1578 conterere
1131 1517 1247 1601 poterit

292 1613 486 1678 adversarios
501 1635 582 1679 suos.
628 1613 771 1676 Attende
794 1634 904 1699 quaeso
926 1617 1085 1700 quomodo
1107 1616 1247 1704 episcopi

292 1727 325 1780 et
350 1715 404 1780 alii
434 1715 489 1801 qui
514 1737 585 1780 eum
610 1715 843 1800 impugnabant
870 1715 1041 1781 deliciunt:
1078 1729 1112 1783 et
1133 1720 1248 1804 persis·

290 1825 362 1878 tens
383 1816 415 1877 in
439 1836 478 1878 eo
500 1814 587 1900 quod
605 1815 733 1878 tandem
758 1814 891 1899 caepisti‚
907 1830 1056 1881 converte
1079 1829 1112 1882 et
1134 1819 1248 1883 robora

290 1916 402 1981 fratres
415 1927 495 1982 tuos.
541 1916 666 1980 Exhibe
682 1929 713 1979 te
730 1917 812 2000 patri
832 1916 944 1994 filium,
960 1918 1111 2004 quoniam
1126 1920 1159 1981 in
1176 1921 1245 2003 ejus

290 2019 438 2084 manibus
453 2030 524 2103 post
536 2018 643 2081 Deum
657 2027 689 2081 et
702 2040 758 2101 per
771 2017 878 2080 Deum
894 2019 977 2081 salus
988 2018 1132 2081 ecclesiae
1143 2021 1245 2104 posita

289 2133 347 2184 est.
378 2126 449 2184 Nec
463 2120 589 2183 differas
605 2118 793 2181 benefacere
808 2140 909 2205 quum
920 2118 1027 2203 possis,
1038 2119 1095 2182 sed
1110 2121 1136 2183 si
1151 2120 1244 2184 aliter

291 2220 375 2285 salus
396 2242 507 2284 eorum
523 2218 664 2304 expediri
680 2241 744 2283 non
767 2230 881 2304 potest,
904 2220 1053 2285 fratribus
1068 2233 1242 2308 utcumque

288 2321 438 2386 subtrahe
453 2321 574 2408 aliquid
590 2319 707 2405 ignaris
721 2333 777 2385 aut
792 2320 916 2386 invitis:
939 2322 1024 2386 unde
1041 2322 1242 2389 incolumitas

289 2434 322 2487 et
336 2423 528 2488 indemnitas
544 2444 653 2487 eorum
671 2422 704 2486 in
719 2422 772 2487 die
795 2423 995 2488 obductionis
1011 2425 1115 2489 valeat
1130 2449 1242 2513 procu·

289 2526 361 2590 rari.
407 2531 469 2605 Tu,
498 2525 570 2590 Deo
595 2535 734 2607 auctore,
761 2525 794 2588 in
822 2537 916 2612 portu
941 2527 1081 2612 navigas,
1106 2528 1184 2613 quid
1210 2539 1241 2595 te

289 2642 433 2719 oporteat
447 2653 541 2717 agere
556 2632 761 2720 perlatorem
776 2631 981 2719 praesentium
997 2631 1171 2699 auditurus.

362 2990 586 3056 EPISTOLA
610 2991 847 3056 ccxci-n>
861 3008 1016 3053 Joauuuu
1033 3008 1159 3053 rrcrav.

529 3109 726 3156 episcorum.
775 3091 995 3171 [n.n.1169.]

499 3272 625 3334 loanni
639 3273 840 3336 Pictaviensi
855 3274 1023 3356 Episcopo.

329 3418 484 3493 Gnnnnn,
493 3414 519 3478 si
530 3425 639 3479 tamen
651 3416 746 3479 famae
757 3416 925 3500 praeconiis
934 3418 1014 3481 fides
1025 3430 1073 3481 est
1083 3419 1241 3496 habenda,

284 3518 369 3606 quod
392 3539 448 3582 vos
470 3539 526 3581 rex
550 3515 677 3600 Angliae
699 3539 719 3580 a
739 3515 958 3603 praedestinati
980 3517 1103 3581 itineris
1127 3518 1239 3584 limine

282 3620 451 3697 revocavit,
474 3614 510 3684 ut
535 3640 717 3705 processum
743 3630 777 3684 et
802 3616 924 3682 exitum
950 3618 1069 3703 negotii
1096 3619 1240 3703 videatis,

283 3724 453 3811 quodcum
471 3721 706 3798 cantuariensi,
722 3722 823 3785 immo
837 3730 947 3785 contra
962 3721 1128 3786 ecclesiam
1144 3723 1239 3805 gerit.

282 3828 326 3891 Et
349 3826 472 3889 utinam
499 3835 604 3889 vestro
625 3837 659 3888 et
677 3824 857 3912 sapientum
879 3823 1010 3888 consilio
1031 3824 1237 3910 adquiescat!

282 3930 326 3993 Et
340 3926 471 4015 quidem
487 3926 513 3990 si
529 3925 712 4008 Gratianus,
723 3938 761 3990 ut
770 3927 839 4011 jam
855 3925 972 3989 dicitur
982 3925 1148 4009 incepisse,
1164 3924 1239 3988 viri-

279 4032 353 4096 liter
364 4029 474 4114 egerit‚
483 4027 614 4091 tandem
623 4027 808 4114 adquiescet
819 4049 895 4091 sano
907 4026 1038 4091 consilio
1050 4026 1100 4091 vel
1110 4026 1238 4091 invitus.

282 4134 340 4197 Est
361 4143 470 4196 tamen
485 4152 556 4218 spes
571 4129 757 4208 multorum,
773 4129 860 4215 quod
881 4128 966 4193 filius
982 4128 1105 4213 gratiae,
1121 4128 1173 4193 cui
1196 4152 1237 4194 ex

279 4256 314 4296 re
336 4255 453 4297 nomen
476 4243 534 4309 est,
556 4245 590 4296 et
610 4231 697 4297 beati
716 4231 856 4315 Eugenii
878 4252 978 4316 nepos
1000 4240 1086 4295 recte
1108 4230 1237 4296 incedet

276 4331 493 4402 adveritatem
504 4334 661 4419 evangelii
672 4332 896 4420 etapostolicac
905 4332 1081 4417 majestatis
1091 4332 1238 4417 gloriam,
