3034 5200
412 723 475 779 274
682 732 818 776 tenuius
833 729 1112 776 saansaaarunsm
1271 710 1318 788 [n.
1336 728 1370 774 u.

414 885 554 969 regimen
578 882 667 945 electi
699 894 783 955 sunt,
808 904 935 944 assensu
959 892 990 943 et
1013 880 1193 945 testimonio
1219 879 1373 943 roborata

413 998 481 1049 est:
503 985 605 1069 ipsius
632 1005 763 1068 quoque
785 981 876 1046 electi
898 980 1009 1044 merita
1030 985 1207 1046 retulerunt
1230 980 1314 1045 tanti
1336 991 1371 1044 et

415 1084 492 1149 tales
508 1083 578 1160 viri,
596 1095 630 1147 ut
647 1095 711 1147 tam
728 1083 768 1145 ab
789 1081 888 1146 electo
910 1105 1006 1166 quarn
1025 1082 1066 1145 ab
1081 1081 1233 1146 electione
1255 1079 1372 1165 procul

418 1198 564 1248 arceatur
575 1183 677 1246 omnis
689 1183 814 1248 sinistra
830 1183 976 1268 suspicio.
1012 1183 1118 1259 Quum
1132 1206 1208 1266 ergo
1219 1182 1372 1245 canonica

416 1286 456 1350 sit
473 1286 584 1349 electio
607 1297 639 1349 et
661 1285 781 1348 electus
795 1285 881 1348 omni
899 1287 1079 1369 acceptione
1103 1284 1231 1367 dignus,
1247 1306 1310 1346 non
1326 1282 1371 1346 ob

414 1386 502 1451 aliud
519 1388 602 1451 forte
617 1386 808 1450 credendum
825 1398 872 1450 est
893 1387 971 1451 tanti
988 1387 1088 1471 patris
1103 1386 1371 1450 consecrationem

415 1488 515 1554 fuisse
537 1487 678 1565 dilatam,
703 1488 762 1552 nisi
785 1502 821 1553 ut
843 1489 998 1553 illustrius
1021 1491 1185 1574 splendeat
1208 1500 1240 1552 et
1255 1485 1374 1551 fortius

415 1593 538 1676 vigeam
551 1591 1373 1676 quumasanctitatevestraacceperitfirmamentum.

417 1692 515 1757 Plura
528 1691 616 1777 loqui
632 1716 741 1756 vereor
755 1694 788 1756 in
804 1692 936 1756 auribus
958 1693 1130 1778 majestatis
1147 1704 1269 1767 vestrae,
1285 1714 1367 1775 prae·

417 1797 524 1857 sertim
541 1816 638 1877 quum
652 1796 793 1859 materiae
805 1793 1020 1858 excellentiam
1037 1793 1192 1879 deprimat
1205 1791 1298 1856 stilus
1310 1793 1370 1856 hu-

416 1895 531 1974 milior,
546 1908 577 1959 et
594 1897 634 1959 ad
656 1896 847 1982 expolienda
867 1909 1020 1983 susceptae
1035 1919 1139 1959 causae
1153 1894 1277 1972 merita,
1292 1917 1370 1980 quae

416 2020 473 2080 per
488 2020 520 2060 se
536 2010 658 2082 patent,
674 2020 762 2062 mens
777 1999 868 2082 inops
890 2013 922 2062 et
938 1999 1022 2062 vieta
1042 1999 1152 2083 lingua
1171 1997 1368 2061 succumbat.

416 2098 571 2162 Pietatem
596 2112 730 2161 vestram
748 2099 858 2161 doceat
877 2099 1015 2182 Spiritus
1029 2113 1157 2164 sanctus
1172 2112 1209 2164 ut
1225 2097 1368 2162 fidelium

416 2210 489 2260 vota
510 2197 720 2282 promoveatis
742 2212 838 2283 prout
864 2198 1002 2261 ecclesiae
1027 2199 1176 2286 expedit:
1200 2212 1233 2264 et
1258 2200 1367 2264 celeri-

416 2311 481 2362 tate
497 2298 654 2384 adjiciatis
669 2299 756 2384 quod
769 2301 870 2364 oratio
882 2323 943 2364 non
959 2304 1132 2388 praesumit.
1172 2305 1205 2367 Si
1214 2302 1369 2381 calamna,

416 2401 609 2464 serenissime
638 2415 739 2487 pater,
770 2403 913 2483 excessit,
935 2406 1111 2471 necessitati
1138 2429 1211 2491 quae
1241 2407 1369 2491 legibus

417 2503 529 2567 arctari
543 2502 653 2582 nescit,
662 2505 848 2581 ascribatur,
860 2528 920 2569 non
931 2508 1060 2571 homini.
1099 2507 1272 2593 Angustiae
1284 2511 1369 2572 enim

416 2620 531 2670 nostrae
554 2605 775 2691 multiplicatae
798 2622 872 2671 sunt
902 2632 996 2694 super
1019 2632 1193 2673 numerum.
1256 2610 1368 2675 Valeat

416 2730 538 2794 semper
553 2722 584 2772 et
601 2708 704 2792 vigeat
721 2710 871 2775 sanctitas
886 2723 999 2775 vestra⁴

415 3066 636 3129 EPISTOLA
654 3066 912 3131 occant-sn
924 3088 1133 3133 wintanuuru
1145 3088 1368 3134 senonensem

686 3185 844 3231 naeniae.
878 3170 962 3249 [an.
983 3173 1090 3251 1173.]

423 3340 597 3401 Venerabili
619 3340 757 3403 Domine
779 3349 810 3405 et
824 3345 922 3406 Patri
944 3326 1115 3409 carissime
1131 3348 1281 3411 Willelmc
1302 3348 1370 3412 Dei

453 3440 564 3519 gratia
580 3441 759 3501 Senoneaee'
781 3444 1019 3527 Archieptreepo
1033 3454 1064 3509 et
1084 3449 1167 3511 cedia
1188 3451 1367 3529 apostolieae

458 3542 677 3621 legatarum
706 3542 852 3604 Jeennes
881 3545 919 3606 de
944 3547 1132 3611 Saresberia
1160 3552 1308 3625 salutem,
1335 3561 1370 3615 et

448 3643 561 3725 felices
574 3663 696 3725 semper
710 3644 754 3706 ael
766 3645 909 3726 optanda
923 3667 1094 3711 successus.

459 3793 537 3859 NISI
563 3796 705 3858 membra
734 3795 830 3881 capiti
857 3796 1053 3872 cohaeserint,
1080 3798 1219 3884 corporis
1244 3798 1367 3865 incolu-

415 3895 508 3961 mitas
523 3918 583 3959 non
601 3897 755 3972 subsistit,
768 3912 799 3961 et
814 3899 928 3962 merito
944 3898 1091 3983 publicus
1106 3899 1204 3964 hostis
1218 3900 1368 3985 arguitur

413 3996 559 4082 quisquis
575 3995 712 4059 ecclesiae
734 3997 931 4081 profectibus
949 3997 1144 4061 adversatur.
1190 4002 1274 4078 Quia
1287 4024 1367 4090 ergo

413 4120 463 4161 me
490 4101 615 4163 Sanctae
646 4098 884 4162 Cantuariensis
909 4098 1047 4163 ecclesiae
1079 4102 1267 4182 membrum,
1290 4102 1367 4170 lieet

413 4200 584 4277 modicum,
600 4222 664 4262 esse
687 4212 820 4274 constat,
845 4222 969 4265 neeesse
991 4213 1050 4279 est,
1065 4215 1099 4266 ut
1117 4204 1198 4268 votis
1220 4226 1365 4270 commu·

411 4300 505 4364 nibus
529 4323 587 4385 pro
611 4300 762 4365 facultate
787 4302 885 4366 feram
911 4300 1109 4385 suffragium,
1136 4318 1166 4369 et
1195 4318 1263 4369 tota
1290 4306 1367 4371 dili-
