3034 5200
299 731 408 804 1167]
681 746 858 791 nrrs‘ronn.
1207 733 1249 792 39

294 897 368 960 Dei.
412 896 566 981 Alioquin
591 906 627 959 nt
653 899 732 982 quid
756 907 870 961 terram
897 895 1057 981 occupat?
1084 897 1139 960 scd
1162 897 1246 961 absit

290 1008 326 1058 ut
356 996 396 1060 de
427 1017 465 1060 eo
496 1006 561 1060 tam
595 996 723 1061 sinistra
759 996 939 1074 credamus,
967 1017 1062 1080 quam
1095 1017 1243 1078 perversa

285 1095 436 1179 jactitant
473 1097 643 1160 adversarii
668 1097 784 1160 nostri:
822 1095 879 1158 sed
909 1096 936 1158 si
965 1096 1062 1178 legati
1090 1095 1124 1158 in
1154 1106 1244 1158 tanta

289 1199 422 1261 veniunt
436 1206 607 1281 potestate,
618 1209 653 1261 ut
668 1200 710 1261 ab
726 1195 941 1279 eis'appellari
956 1217 1022 1259 non
1036 1197 1150 1280 possit,
1162 1197 1242 1281 quid

290 1298 477 1362 consulitis?
517 1301 602 1363 Nam
627 1298 797 1382 Papicnsis
822 1297 978 1360 hactenus
1000 1298 1034 1360 in
1060 1319 1156 1362 causa
1181 1299 1243 1361 ista

289 1400 373 1480 regis
388 1421 477 1482 opes,
488 1420 554 1462 non
566 1400 709 1462 timorem
722 1398 798 1475 Dei,
810 1398 859 1460 vel
871 1398 1029 1461 Ecclesia
1040 1399 1239 1462 honestatem

288 1499 402 1563 habuit
417 1511 490 1562 ante
507 1511 715 1582 conspectum
735 1519 838 1561 suum.
885 1499 919 1561 Si
936 1497 1064 1582 quidem
1080 1500 1136 1561 ubi
1152 1519 1241 1563 amor

290 1601 369 1682 ejus,
392 1610 424 1662 et
445 1601 568 1662 oculus.
611 1601 699 1662 Alter
720 1619 796 1661 vero
811 1598 859 1659 vir
882 1598 977 1661 bonae
1000 1597 1162 1682 opinionis
1182 1611 1242 1677 est,

292 1701 457 1763 Romanus
471 1711 576 1763 tamen
593 1710 624 1764 et
639 1699 832 1765 cardinalis.
877 1697 973 1772 Quod
989 1699 1016 1762 si
1032 1719 1142 1762 eorum
1165 1719 1240 1762 exa·

291 1822 364 1864 men
379 1801 655 1875 declinaverimus,
673 1801 842 1865 verendam
861 1812 964 1864 estne
980 1798 1066 1882 apud
1082 1820 1190 1880 regern
1208 1814 1241 1864 ct

289 1903 472 1967 Ecclesiam
487 1904 687 1968 Gallicanam
708 1923 813 1966 causae
827 1909 944 1964 nostrae
966 1901 1099 1965 laedatur
1118 1902 1238 1984 opinio.

289 2003 323 2086 Si
345 2005 577 2088 susceperimus
598 2006 675 2068 licet
698 2015 878 2086 suspectos,
899 2002 1075 2066 timendum
1099 2023 1139 2064 ne
1161 2005 1236 2066 snb-

288 2117 409 2171 vertant
418 2106 576 2191 justitiam
593 2118 742 2171 nostram.
775 2106 1019 2188 Dispensabunt
1034 2103 1074 2167 de
1088 2105 1239 2183 nobis,ut

287 2207 508 2273 detrimentum
520 2210 679 2274 Ecclesiae
695 2218 907 2292 compensent
919 2206 1036 2270 loculis
1051 2206 1128 2269 suis.
1152 2208 1237 2270 Nam

287 2330 522 2393 quamcumque
543 2310 710 2373 videantur
730 2310 847 2372 fecisse
868 2329 990 2392 pacem,
1007 2307 1107 2371 titulis
1128 2316 1161 2370 et
1181 2307 1235 2371 tri·

286 2411 415 2493 umphis
444 2412 512 2473 suis
540 2410 709 2474 ascribent.
766 2411 934 2472 Debentur
958 2409 1054 2471 nobis
1081 2407 1237 2490 imprimis

285 2511 444 2575 restitutio
466 2513 652 2588 ablatorum,
667 2522 700 2576 et
718 2512 855 2586 sedium,
869 2522 901 2575 et
915 2510 1096 2574 reformatio
1118 2511 1237 2575 securi·

286 2613 369 2675 tatis.
416 2612 480 2676 Sed
495 2612 637 2676 fortassis
651 2598 840 2695 praecipient
853 2634 911 2677 nos
925 2634 1028 2697 usque
1043 2613 1085 2676 ad
1100 2614 1236 2677 decisio-

283 2735 357 2777 nem
372 2714 466 2777 totius
475 2714 540 2778 litis
552 2714 628 2777 solis
642 2713 847 2779 cautionibus
861 2735 932 2778 esse
946 2724 1126 2792 contentos,
1138 2735 1233 2798 quam

283 2814 498 2878 conditionem
529 2836 625 2879 nemo
651 2815 692 2879 ad
715 2815 905 2898 litigandum
936 2817 999 2880 nisi
1024 2816 1155 2878 insanus
1179 2814 1235 2878 ad-

282 2916 403 2993 mittct3
427 2917 490 2980 hoc
516 2927 624 2981 autem
649 2927 686 2986 ut
708 2917 872 2983 memoriae
896 2915 1025 2981 fidelius
1047 2917 1177 2991 haereat,
1199 2916 1233 2984 in

284 3015 349 3082 fine
365 3016 477 3079 censui
490 3017 715 3101 repetendum.
815 3072 819 3083 .

282 3254 504 3323 EPISTOLA
535 3256 748 3322 cent-an
765 3278 846 3324 nlo.
867 3278 949 3325 sruv.
968 3278 1232 3326 rnnsrnnrnrmr

498 3377 743 3425 naxovmussu.
792 3362 837 3442 [r.
854 3381 885 3425 o.
904 3363 1012 3443 1167.]

315 3493 477 3575 Magistro
490 3497 644 3562 Silvestre
663 3498 878 3561 Thesaurario
892 3498 1082 3561 lemoviensi
1095 3500 1192 3565 Joorr.

693 3600 821 3664 Sorech.

321 3732 709 3811 Aun1TA,dilectissime‚
735 3756 816 3818 pace
842 3746 907 3810 tua,
933 3745 969 3799 ut
995 3737 1145 3819 oportuit,
1170 3762 1229 3823 pro

279 3834 383 3897 amico
395 3835 518 3898 laetatus
533 3857 615 3913 sum,
625 3836 680 3899 sed
693 3838 781 3900 omni
796 3839 1010 3901 emolumento
1021 3839 1100 3902 milri
1111 3844 1230 3921 gratior

279 3943 330 3998 est
354 3937 587 4018 perseverantia
612 3937 803 4015 honestatis,
828 3949 860 4002 et
884 3961 985 4024 usque
1010 3940 1052 4004 ad
1076 3942 1228 4005 invidiam

278 4040 417 4097 veterum
440 4036 613 4100 amicornm
640 4038 733 4101 famae
755 4039 892 4119 purioris
914 4039 1066 4104 hilaritas.
1104 4042 1230 4102 Primus

278 4134 387 4218 itaque
402 4144 435 4199 et
449 4136 554 4202 adhuc
570 4139 657 4201 solus
671 4139 804 4202 formam
825 4142 1063 4222 perseverantiae
1078 4142 1111 4199 in
1127 4160 1229 4218 agone

280 4236 463 4302 Christiano
490 4260 563 4303 cum
585 4242 737 4304 Ecclesia
760 4241 979 4303 laborantibus
1001 4238 1177 4321 praebuisti,
1199 4251 1232 4305 et

278 4354 336 4421 per
359 4338 489 4417 gratiam
511 4339 577 4403 Dei
598 4340 730 4423 reliquis
745 4338 786 4401 de
803 4350 916 4401 caetero
931 4335 1072 4421 proderit
1086 4335 1128 4399 ad
1143 4358 1229 4403 erec-
