3034 5200
303 685 345 750 80
561 698 697 743 Joauurs
712 696 991 742 ssassssarsusrs
1159 677 1204 761 [a.
1222 695 1253 754 n,

305 850 450 914 desidero
480 849 660 931 procurari:
694 850 739 913 ita
765 859 870 912 tamen
899 859 936 911 ut
967 847 1152 933 (antequam
1182 847 1257 918 illos

305 949 432 1031 adeam)
458 951 580 1014 domini
605 949 748 1034 episcopi
772 965 803 1013 et
823 961 939 1028 vestro,
960 960 992 1014 et
1015 953 1063 1015 M.
1080 947 1257 1022 Laurentii,

305 1054 332 1117 si
347 1063 452 1117 tamen
468 1054 508 1116 ab
523 1051 641 1133 Anglia
655 1051 759 1126 rediit,
769 1073 865 1136 super
879 1051 1016 1133 negotiis
1032 1049 1179 1133 gerendis
1195 1049 1255 1111 sim

303 1153 490 1219 informatus
515 1150 661 1213 consilio.
704 1151 821 1214 Varius
848 1161 955 1214 autem
978 1171 1086 1214 rumor
1110 1159 1160 1211 est
1182 1147 1252 1210 aliis

305 1253 517 1319 asserentibus
551 1250 730 1316 cardinales
759 1251 896 1316 fideliter
923 1273 981 1336 pro
1011 1251 1161 1315 Ecclesia
1190 1248 1254 1311 Dei

300 1353 516 1420 laboraturos:
541 1353 612 1417 aliis
626 1353 810 1417 dicentibus
832 1352 918 1437 quod
939 1360 1173 1437 proposuerunt
1187 1349 1253 1412 dis·

303 1455 427 1519 trahere
437 1453 582 1518 ecclesiae
590 1453 820 1531 libertatem,et
828 1474 978 1517 evacuare
983 1453 1139 1536 justitiam
1149 1471 1254 1514 causae

303 1565 421 1620 nostrae
436 1575 494 1638 pro
509 1553 656 1636 pecunia,
672 1573 769 1637 quam
789 1563 894 1616 tamen
910 1575 976 1616 non
991 1553 1068 1616 licet
1082 1551 1206 1614 mittere
1220 1549 1256 1615 in

306 1660 490 1735 corbonam,
505 1656 582 1739 quia
602 1655 739 1738 pretium
759 1656 924 1736 sanguinis
946 1664 1004 1719 est.
1048 1655 1128 1718 Erat
1146 1653 1255 1733 itaque

305 1757 481 1838 diligentia
494 1765 606 1819 vestrae
620 1757 804 1833 rescribere,
820 1755 907 1838 quod
927 1756 967 1818 de
989 1757 1123 1820 consilio
1145 1774 1255 1819 eorum

305 1868 338 1923 et
353 1867 437 1920 statu
459 1855 582 1917 domini
596 1855 680 1934 regis
695 1864 728 1917 et
743 1855 839 1918 curiae
854 1856 1029 1918 habueritis
1044 1857 1257 1938 exploratum,

305 1966 338 2021 et
367 1976 440 2040 quae
466 1953 552 2017 circa
575 1952 740 2017 dominum
766 1953 957 2036 episcopum
979 1967 1010 2016 et
1034 1975 1089 2016 vos
1111 1964 1255 2035 agantur,

304 2056 431 2125 fidelius
445 2054 599 2116 intimare.
643 2053 762 2116 Precor
782 2054 877 2115 etiam
893 2064 928 2116 ut
942 2053 1019 2115 mihi
1039 2053 1215 2129 remittatis,
1231 2052 1258 2114 si

305 2153 381 2237 quid
397 2151 552 2231 Magister
571 2150 593 2212 J
594 2149 737 2212 ohannes
752 2149 925 2232 rescripsit,
940 2151 1150 2233 petitionibus
1165 2148 1256 2226 meis,

306 2263 361 2317 aut
382 2254 410 2317 si
431 2250 574 2316 nondum
596 2251 768 2334 rescripsit,
785 2249 867 2315 detis
888 2273 1019 2339 operam
1040 2262 1074 2316 ut
1095 2248 1257 2318 rescribat.

307 2356 431 2420 Valete.

305 2627 449 2690 EPIST.
486 2625 758 2690 coxistis-tn
790 2642 991 2688 macrsrrrum
1021 2643 1254 2689 causasarum.

674 2726 719 2806 [A.
730 2746 761 2789 n.
778 2726 889 2807 1167.]

598 2861 758 2944 Magistro
772 2860 962 2924 laurentio.

348 2975 404 3036 Ex
424 2974 623 3057 inspectione
645 2972 820 3034 litterarum
834 2981 1006 3034 vestrarum
1028 2974 1121 3037 laetus
1142 2976 1255 3059 accepi

306 3072 392 3156 quod
415 3072 543 3134 domino
566 3071 730 3134 Willelmo
752 3069 903 3154 Papiensi
928 3072 1087 3152 legatione
1110 3074 1257 3157 fungenti

306 3173 527 3237 adbaerebitis:
551 3192 612 3234 nec
634 3172 746 3234 dubito
770 3172 847 3254 quin
872 3173 963 3237 vobis
985 3182 1020 3236 et
1041 3176 1135 3238 nobis
1156 3175 1257 3259 possit

306 3270 450 3334 officiosa
479 3281 511 3333 et
539 3270 626 3333 utilis
654 3290 723 3332 esse
754 3271 950 3336 familiaritas
978 3274 1056 3358 ejus.
1107 3278 1153 3339 Et
1181 3276 1257 3359 quia

305 3372 397 3436 vobis
411 3371 516 3433 notius
532 3378 589 3450 est,
605 3391 700 3454 quam
715 3371 812 3433 alicui
826 3383 981 3450 nostrum,
995 3377 1028 3459 in
1045 3397 1108 3458 quo
1123 3378 1256 3455 calculo,

306 3482 462 3558 quantum
484 3472 525 3535 ad
546 3481 706 3549 vestrates,
729 3492 826 3535 causa
848 3484 957 3539 nostra
973 3487 1122 3553 versetur,
1142 3496 1256 3558 precor

306 3575 456 3646 attentius
471 3585 506 3638 ut
517 3573 671 3657 inspectis
686 3573 735 3636 his
747 3595 819 3657 quae
831 3572 963 3638 domino
975 3576 1129 3659 episcopo
1141 3577 1256 3659 scripsi

307 3687 338 3739 et
347 3676 496 3757 magistro
508 3676 698 3753 scholarum,
711 3675 798 3759 quod
813 3697 918 3740 causae
929 3688 1045 3741 uostrae
1057 3675 1256 3740 credideritis

307 3774 456 3858 expedire
471 3798 528 3859 per
541 3780 674 3841 latorem
684 3778 890 3860 praesentium
906 3778 1096 3841 rescribatis.
1127 3778 1255 3841 Dicitur
1341 3784 1347 3796 ’

306 3886 412 3942 autem
428 3878 515 3959 quod
530 3878 713 3960 hujusmodi
733 3879 832 3960 legati
846 3879 1005 3942 neminem
1019 3880 1161 3961 recipere
1176 3899 1254 3942 con-

306 3976 464 4043 sueverint
476 3976 509 4037 in
525 3976 707 4039 ulteriorem
722 3975 837 4040 domus
852 3998 917 4040 suae
932 3977 1186 4055 familiaritatem,
1198 3979 1256 4061 qui

305 4099 369 4141 non
394 4077 441 4140 eis
463 4076 504 4139 de
527 4075 712 4139 exbibenda
733 4075 887 4140 fidelitate
909 4088 941 4140 et
962 4077 1026 4140 fide
1048 4078 1205 4142 servanda
1222 4090 1255 4142 et

307 4178 508 4242 occultandis
523 4179 652 4242 secretis
668 4178 850 4261 praestiterit
858 4178 1047 4262 juratoriam
1062 4180 1256 4244 cautionem.

306 4281 346 4346 In
370 4302 434 4363 quo
457 4280 586 4364 quidem
611 4281 745 4343 articulo
767 4280 973 4344 dilectionem
990 4293 1137 4362 vestram,
1152 4284 1178 4349 si
1194 4282 1256 4348 tale
