<?xml version="1.0" encoding="UTF-8"?>
<!DOCTYPE html PUBLIC "-//W3C//DTD XHTML 1.0 Transitional//EN"
    "http://www.w3.org/TR/xhtml1/DTD/xhtml1-transitional.dtd">
<html xmlns="http://www.w3.org/1999/xhtml" xml:lang="en" lang="en">
 <head>
  <title>
</title>
<meta http-equiv="Content-Type" content="text/html;charset=utf-8" />
  <meta name='ocr-system' content='tesseract 3.04.00' />
  <meta name='ocr-capabilities' content='ocr_page ocr_carea ocr_par ocr_line ocrx_word'/>
</head>
<body>
  <div class='ocr_page' id='page_1' title='image "./joannissaresber11johngoog_0047.png"; bbox 0 0 3034 5200; ppageno 0'>
   <div class='ocr_carea' id='block_1_1' title="bbox 298 711 1248 792">
    <p class='ocr_par' dir='ltr' id='par_1_1' title="bbox 298 711 1248 792">
     <span class='ocr_line' id='line_1_1' title="bbox 298 711 1248 792; baseline 0.005 -20"><span class='ocrx_word' id='word_1_1' title='bbox 298 713 341 772; x_wconf 80' lang='lat'><strong>80</strong></span> <span class='ocrx_word' id='word_1_2' title='bbox 556 725 692 772; x_wconf 76' lang='lat' dir='ltr'><strong>Jorrurs</strong></span> <span class='ocrx_word' id='word_1_3' title='bbox 707 725 987 773; x_wconf 80' lang='lat' dir='ltr'><strong>mansurararsrs</strong></span> <span class='ocrx_word' id='word_1_4' title='bbox 1156 711 1201 792; x_wconf 77' lang='lat' dir='ltr'><strong>[A.</strong></span> <span class='ocrx_word' id='word_1_5' title='bbox 1218 730 1248 777; x_wconf 88' lang='lat' dir='ltr'><strong>n.</strong></span> 
     </span>
    </p>
   </div>
   <div class='ocr_carea' id='block_1_2' title="bbox 285 877 1252 2581">
    <p class='ocr_par' dir='ltr' id='par_1_2' title="bbox 285 877 1252 2581">
     <span class='ocr_line' id='line_1_2' title="bbox 297 877 1252 963; baseline 0.005 -21"><span class='ocrx_word' id='word_1_6' title='bbox 297 877 519 942; x_wconf 88' lang='lat' dir='ltr'><strong>mandatorum</strong></span> <span class='ocrx_word' id='word_1_7' title='bbox 534 889 761 963; x_wconf 76' lang='lat' dir='ltr'><strong>exequutores,</strong></span> <span class='ocrx_word' id='word_1_8' title='bbox 775 899 872 962; x_wconf 90' lang='lat' dir='ltr'><strong>quam</strong></span> <span class='ocrx_word' id='word_1_9' title='bbox 888 880 1030 944; x_wconf 89' lang='lat' dir='ltr'><strong>inanium</strong></span> <span class='ocrx_word' id='word_1_10' title='bbox 1050 883 1252 947; x_wconf 75' lang='lat' dir='ltr'><strong>ventilatores</strong></span> 
     </span>
     <span class='ocr_line' id='line_1_3' title="bbox 297 981 1250 1067; baseline 0.003 -23"><span class='ocrx_word' id='word_1_11' title='bbox 297 982 474 1046; x_wconf 85' lang='lat' dir='ltr'><strong>verborum.</strong></span> <span class='ocrx_word' id='word_1_12' title='bbox 516 982 585 1047; x_wconf 82' lang='lat' dir='ltr'><strong>Res</strong></span> <span class='ocrx_word' id='word_1_13' title='bbox 612 981 700 1044; x_wconf 86' lang='lat' dir='ltr'><strong>euim</strong></span> <span class='ocrx_word' id='word_1_14' title='bbox 728 981 852 1066; x_wconf 74' lang='lat' dir='ltr'><strong>querit,</strong></span> <span class='ocrx_word' id='word_1_15' title='bbox 883 989 986 1056; x_wconf 87' lang='lat' dir='ltr'><strong>curat,</strong></span> <span class='ocrx_word' id='word_1_16' title='bbox 1012 994 1045 1046; x_wconf 89' lang='lat' dir='ltr'><strong>et</strong></span> <span class='ocrx_word' id='word_1_17' title='bbox 1072 984 1250 1067; x_wconf 79' lang='lat' dir='ltr'><strong>assequitur</strong></span> 
     </span>
     <span class='ocr_line' id='line_1_4' title="bbox 296 1082 1248 1169; baseline 0.004 -24"><span class='ocrx_word' id='word_1_18' title='bbox 296 1082 410 1147; x_wconf 87' lang='lat' dir='ltr'><strong>veritas</strong></span> <span class='ocrx_word' id='word_1_19' title='bbox 439 1083 664 1167; x_wconf 84' lang='lat' dir='ltr'><strong>philosophiae,</strong></span> <span class='ocrx_word' id='word_1_20' title='bbox 694 1104 762 1148; x_wconf 90' lang='lat' dir='ltr'><strong>non</strong></span> <span class='ocrx_word' id='word_1_21' title='bbox 786 1083 892 1148; x_wconf 87' lang='lat' dir='ltr'><strong>verba.</strong></span> <span class='ocrx_word' id='word_1_22' title='bbox 941 1083 989 1147; x_wconf 87' lang='lat' dir='ltr'><strong>Et</strong></span> <span class='ocrx_word' id='word_1_23' title='bbox 1012 1085 1093 1147; x_wconf 89' lang='lat' dir='ltr'><strong>mibi</strong></span> <span class='ocrx_word' id='word_1_24' title='bbox 1118 1084 1248 1169; x_wconf 90' lang='lat' dir='ltr'><strong>quidem</strong></span> 
     </span>
     <span class='ocr_line' id='line_1_5' title="bbox 295 1185 1250 1270; baseline 0.002 -22"><span class='ocrx_word' id='word_1_25' title='bbox 295 1206 469 1269; x_wconf 88' lang='lat' dir='ltr'><strong>numquam</strong></span> <span class='ocrx_word' id='word_1_26' title='bbox 490 1186 650 1269; x_wconf 80' lang='lat' dir='ltr'><strong>placuisse</strong></span> <span class='ocrx_word' id='word_1_27' title='bbox 672 1186 841 1249; x_wconf 87' lang='lat' dir='ltr'><strong>scientiam</strong></span> <span class='ocrx_word' id='word_1_28' title='bbox 864 1207 936 1270; x_wconf 76' lang='lat' dir='ltr'><strong>quar</strong></span> <span class='ocrx_word' id='word_1_29' title='bbox 959 1185 994 1247; x_wconf 88' lang='lat' dir='ltr'><strong>iu</strong></span> <span class='ocrx_word' id='word_1_30' title='bbox 1016 1187 1094 1250; x_wconf 87' lang='lat' dir='ltr'><strong>solis</strong></span> <span class='ocrx_word' id='word_1_31' title='bbox 1108 1199 1250 1250; x_wconf 81' lang='lat' dir='ltr'><strong>versatur</strong></span> 
     </span>
     <span class='ocr_line' id='line_1_6' title="bbox 294 1285 1248 1368; baseline 0.002 -19"><span class='ocrx_word' id='word_1_32' title='bbox 294 1285 505 1364; x_wconf 83' lang='lat' dir='ltr'><strong>sermonibus,</strong></span> <span class='ocrx_word' id='word_1_33' title='bbox 519 1285 610 1348; x_wconf 86' lang='lat' dir='ltr'><strong>vobis</strong></span> <span class='ocrx_word' id='word_1_34' title='bbox 624 1285 747 1368; x_wconf 89' lang='lat' dir='ltr'><strong>pridem</strong></span> <span class='ocrx_word' id='word_1_35' title='bbox 770 1294 881 1349; x_wconf 92' lang='lat' dir='ltr'><strong>notum</strong></span> <span class='ocrx_word' id='word_1_36' title='bbox 897 1295 955 1348; x_wconf 86' lang='lat' dir='ltr'><strong>est.</strong></span> <span class='ocrx_word' id='word_1_37' title='bbox 1000 1287 1071 1350; x_wconf 87' lang='lat' dir='ltr'><strong>Nec</strong></span> <span class='ocrx_word' id='word_1_38' title='bbox 1087 1287 1248 1351; x_wconf 85' lang='lat' dir='ltr'><strong>auditores</strong></span> 
     </span>
     <span class='ocr_line' id='line_1_7' title="bbox 292 1387 1246 1471; baseline 0 -21"><span class='ocrx_word' id='word_1_39' title='bbox 292 1387 391 1466; x_wconf 85' lang='lat' dir='ltr'><strong>verbi,</strong></span> <span class='ocrx_word' id='word_1_40' title='bbox 406 1408 468 1451; x_wconf 89' lang='lat' dir='ltr'><strong>nec</strong></span> <span class='ocrx_word' id='word_1_41' title='bbox 491 1406 660 1470; x_wconf 85' lang='lat' dir='ltr'><strong>praecones</strong></span> <span class='ocrx_word' id='word_1_42' title='bbox 681 1387 771 1470; x_wconf 90' lang='lat' dir='ltr'><strong>apud</strong></span> <span class='ocrx_word' id='word_1_43' title='bbox 793 1388 971 1451; x_wconf 89' lang='lat' dir='ltr'><strong>Dominum</strong></span> <span class='ocrx_word' id='word_1_44' title='bbox 987 1387 1068 1471; x_wconf 83' lang='lat' dir='ltr'><strong>justi</strong></span> <span class='ocrx_word' id='word_1_45' title='bbox 1090 1387 1246 1467; x_wconf 74' lang='lat' dir='ltr'><strong>suntsed</strong></span> 
     </span>
     <span class='ocr_line' id='line_1_8' title="bbox 292 1488 1246 1574; baseline -0.002 -20"><span class='ocrx_word' id='word_1_46' title='bbox 292 1489 447 1554; x_wconf 81' lang='lat' dir='ltr'><strong>factores:</strong></span> <span class='ocrx_word' id='word_1_47' title='bbox 483 1499 596 1574; x_wconf 86' lang='lat' dir='ltr'><strong>estque</strong></span> <span class='ocrx_word' id='word_1_48' title='bbox 617 1510 703 1554; x_wconf 84' lang='lat' dir='ltr'><strong>verae</strong></span> <span class='ocrx_word' id='word_1_49' title='bbox 728 1488 944 1573; x_wconf 81' lang='lat' dir='ltr'><strong>philosophiae</strong></span> <span class='ocrx_word' id='word_1_50' title='bbox 966 1489 1177 1554; x_wconf 89' lang='lat' dir='ltr'><strong>certissimum</strong></span> <span class='ocrx_word' id='word_1_51' title='bbox 1198 1509 1246 1552; x_wconf 87' lang='lat' dir='ltr'><strong>ar·</strong></span> 
     </span>
     <span class='ocr_line' id='line_1_9' title="bbox 293 1589 1246 1677; baseline 0 -22"><span class='ocrx_word' id='word_1_52' title='bbox 293 1604 492 1674; x_wconf 80' lang='lat' dir='ltr'><strong>gumentunr,</strong></span> <span class='ocrx_word' id='word_1_53' title='bbox 502 1613 600 1676; x_wconf 91' lang='lat' dir='ltr'><strong>quum</strong></span> <span class='ocrx_word' id='word_1_54' title='bbox 617 1593 689 1677; x_wconf 88' lang='lat' dir='ltr'><strong>quis</strong></span> <span class='ocrx_word' id='word_1_55' title='bbox 700 1591 826 1655; x_wconf 84' lang='lat' dir='ltr'><strong>virtutis</strong></span> <span class='ocrx_word' id='word_1_56' title='bbox 840 1590 935 1655; x_wconf 89' lang='lat' dir='ltr'><strong>obice</strong></span> <span class='ocrx_word' id='word_1_57' title='bbox 949 1589 1090 1658; x_wconf 90' lang='lat' dir='ltr'><strong>retundit</strong></span> <span class='ocrx_word' id='word_1_58' title='bbox 1101 1590 1246 1656; x_wconf 88' lang='lat' dir='ltr'><strong>stimulos</strong></span> 
     </span>
     <span class='ocr_line' id='line_1_10' title="bbox 290 1692 1244 1770; baseline -0.004 -12"><span class='ocrx_word' id='word_1_59' title='bbox 290 1695 398 1758; x_wconf 88' lang='lat' dir='ltr'><strong>carnis</strong></span> <span class='ocrx_word' id='word_1_60' title='bbox 426 1703 459 1757; x_wconf 84' lang='lat' dir='ltr'><strong>et</strong></span> <span class='ocrx_word' id='word_1_61' title='bbox 484 1695 581 1757; x_wconf 86' lang='lat' dir='ltr'><strong>totius</strong></span> <span class='ocrx_word' id='word_1_62' title='bbox 606 1694 741 1756; x_wconf 74' lang='lat' dir='ltr'><strong>fortunae</strong></span> <span class='ocrx_word' id='word_1_63' title='bbox 770 1692 863 1756; x_wconf 88' lang='lat' dir='ltr'><strong>elidit</strong></span> <span class='ocrx_word' id='word_1_64' title='bbox 890 1693 1065 1756; x_wconf 89' lang='lat' dir='ltr'><strong>incursum.</strong></span> <span class='ocrx_word' id='word_1_65' title='bbox 1116 1693 1244 1770; x_wconf 86' lang='lat' dir='ltr'><strong>Sumus,</strong></span> 
     </span>
     <span class='ocr_line' id='line_1_11' title="bbox 290 1792 1243 1875; baseline 0.001 -18"><span class='ocrx_word' id='word_1_66' title='bbox 290 1795 414 1869; x_wconf 81' lang='lat' dir='ltr'><strong>Amice,</strong></span> <span class='ocrx_word' id='word_1_67' title='bbox 441 1794 476 1856; x_wconf 92' lang='lat' dir='ltr'><strong>in</strong></span> <span class='ocrx_word' id='word_1_68' title='bbox 505 1793 694 1855; x_wconf 88' lang='lat' dir='ltr'><strong>conflatorio</strong></span> <span class='ocrx_word' id='word_1_69' title='bbox 725 1792 869 1867; x_wconf 88' lang='lat' dir='ltr'><strong>Domini,</strong></span> <span class='ocrx_word' id='word_1_70' title='bbox 899 1813 938 1854; x_wconf 94' lang='lat' dir='ltr'><strong>eo</strong></span> <span class='ocrx_word' id='word_1_71' title='bbox 968 1813 1026 1875; x_wconf 92' lang='lat' dir='ltr'><strong>per</strong></span> <span class='ocrx_word' id='word_1_72' title='bbox 1054 1793 1243 1875; x_wconf 87' lang='lat' dir='ltr'><strong>patientiam</strong></span> 
     </span>
     <span class='ocr_line' id='line_1_12' title="bbox 289 1890 1244 1976; baseline 0.003 -22"><span class='ocrx_word' id='word_1_73' title='bbox 289 1893 555 1976; x_wconf 85' lang='lat' dir='ltr'><strong>philosophemur</strong></span> <span class='ocrx_word' id='word_1_74' title='bbox 568 1904 707 1955; x_wconf 90' lang='lat' dir='ltr'><strong>auctore.</strong></span> <span class='ocrx_word' id='word_1_75' title='bbox 751 1893 838 1954; x_wconf 89' lang='lat' dir='ltr'><strong>Nam</strong></span> <span class='ocrx_word' id='word_1_76' title='bbox 854 1890 999 1955; x_wconf 88' lang='lat' dir='ltr'><strong>doctrina</strong></span> <span class='ocrx_word' id='word_1_77' title='bbox 1013 1892 1073 1955; x_wconf 85' lang='lat' dir='ltr'><strong>viri</strong></span> <span class='ocrx_word' id='word_1_78' title='bbox 1089 1913 1147 1974; x_wconf 90' lang='lat' dir='ltr'><strong>per</strong></span> <span class='ocrx_word' id='word_1_79' title='bbox 1162 1895 1244 1976; x_wconf 90' lang='lat' dir='ltr'><strong>pati-</strong></span> 
     </span>
     <span class='ocr_line' id='line_1_13' title="bbox 289 1993 1241 2058; baseline -0.001 0"><span class='ocrx_word' id='word_1_80' title='bbox 289 1994 407 2058; x_wconf 86' lang='lat' dir='ltr'><strong>entiam</strong></span> <span class='ocrx_word' id='word_1_81' title='bbox 433 1993 586 2056; x_wconf 84' lang='lat' dir='ltr'><strong>noscitur.</strong></span> <span class='ocrx_word' id='word_1_82' title='bbox 631 1994 684 2056; x_wconf 87' lang='lat' dir='ltr'><strong>De</strong></span> <span class='ocrx_word' id='word_1_83' title='bbox 709 2003 826 2056; x_wconf 85' lang='lat' dir='ltr'><strong>caetero</strong></span> <span class='ocrx_word' id='word_1_84' title='bbox 850 1993 1086 2056; x_wconf 84' lang='lat' dir='ltr'><strong>communicate</strong></span> <span class='ocrx_word' id='word_1_85' title='bbox 1108 1993 1188 2057; x_wconf 92' lang='lat' dir='ltr'><strong>mihi</strong></span> <span class='ocrx_word' id='word_1_86' title='bbox 1214 1995 1241 2057; x_wconf 89' lang='lat' dir='ltr'><strong>si</strong></span> 
     </span>
     <span class='ocr_line' id='line_1_14' title="bbox 289 2091 1243 2178; baseline 0 -21"><span class='ocrx_word' id='word_1_87' title='bbox 289 2095 398 2178; x_wconf 89' lang='lat' dir='ltr'><strong>placet</strong></span> <span class='ocrx_word' id='word_1_88' title='bbox 420 2113 576 2156; x_wconf 89' lang='lat' dir='ltr'><strong>novorum</strong></span> <span class='ocrx_word' id='word_1_89' title='bbox 602 2091 734 2177; x_wconf 89' lang='lat' dir='ltr'><strong>aliquid,</strong></span> <span class='ocrx_word' id='word_1_90' title='bbox 761 2114 834 2176; x_wconf 82' lang='lat' dir='ltr'><strong>quae</strong></span> <span class='ocrx_word' id='word_1_91' title='bbox 858 2092 893 2155; x_wconf 90' lang='lat' dir='ltr'><strong>iu</strong></span> <span class='ocrx_word' id='word_1_92' title='bbox 919 2092 1070 2175; x_wconf 84' lang='lat' dir='ltr'><strong>expilatis</strong></span> <span class='ocrx_word' id='word_1_93' title='bbox 1094 2093 1243 2157; x_wconf 88' lang='lat' dir='ltr'><strong>invenitis</strong></span> 
     </span>
     <span class='ocr_line' id='line_1_15' title="bbox 289 2192 1241 2278; baseline -0.003 -20"><span class='ocrx_word' id='word_1_94' title='bbox 289 2195 444 2258; x_wconf 88' lang='lat' dir='ltr'><strong>armariis:</strong></span> <span class='ocrx_word' id='word_1_95' title='bbox 469 2194 573 2258; x_wconf 89' lang='lat' dir='ltr'><strong>sinon</strong></span> <span class='ocrx_word' id='word_1_96' title='bbox 585 2193 673 2258; x_wconf 90' lang='lat' dir='ltr'><strong>aliud</strong></span> <span class='ocrx_word' id='word_1_97' title='bbox 685 2194 833 2271; x_wconf 86' lang='lat' dir='ltr'><strong>occurrit,</strong></span> <span class='ocrx_word' id='word_1_98' title='bbox 844 2192 932 2278; x_wconf 93' lang='lat' dir='ltr'><strong>quod</strong></span> <span class='ocrx_word' id='word_1_99' title='bbox 942 2193 1136 2258; x_wconf 88' lang='lat' dir='ltr'><strong>nostratibus</strong></span> <span class='ocrx_word' id='word_1_100' title='bbox 1148 2193 1241 2267; x_wconf 83' lang='lat' dir='ltr'><strong>desit,</strong></span> 
     </span>
     <span class='ocr_line' id='line_1_16' title="bbox 288 2295 1241 2360; baseline 0.001 -1"><span class='ocrx_word' id='word_1_101' title='bbox 288 2297 399 2360; x_wconf 89' lang='lat' dir='ltr'><strong>saltem</strong></span> <span class='ocrx_word' id='word_1_102' title='bbox 415 2295 554 2358; x_wconf 84' lang='lat' dir='ltr'><strong>visiones</strong></span> <span class='ocrx_word' id='word_1_103' title='bbox 569 2306 600 2359; x_wconf 90' lang='lat' dir='ltr'><strong>et</strong></span> <span class='ocrx_word' id='word_1_104' title='bbox 615 2297 746 2359; x_wconf 85' lang='lat' dir='ltr'><strong>oracula</strong></span> <span class='ocrx_word' id='word_1_105' title='bbox 764 2297 867 2359; x_wconf 76' lang='lat' dir='ltr'><strong>beatae</strong></span> <span class='ocrx_word' id='word_1_106' title='bbox 882 2295 969 2359; x_wconf 88' lang='lat' dir='ltr'><strong>illius</strong></span> <span class='ocrx_word' id='word_1_107' title='bbox 983 2306 1016 2359; x_wconf 90' lang='lat' dir='ltr'><strong>et</strong></span> <span class='ocrx_word' id='word_1_108' title='bbox 1029 2296 1241 2360; x_wconf 75' lang='lat' dir='ltr'><strong>celeberrimae</strong></span> 
     </span>
     <span class='ocr_line' id='line_1_17' title="bbox 288 2397 1241 2480; baseline 0.003 -21"><span class='ocrx_word' id='word_1_109' title='bbox 288 2397 498 2479; x_wconf 78' lang='lat' dir='ltr'><strong>Hildegardis</strong></span> <span class='ocrx_word' id='word_1_110' title='bbox 522 2398 611 2479; x_wconf 90' lang='lat' dir='ltr'><strong>apud</strong></span> <span class='ocrx_word' id='word_1_111' title='bbox 633 2419 692 2461; x_wconf 85' lang='lat' dir='ltr'><strong>vos</strong></span> <span class='ocrx_word' id='word_1_112' title='bbox 715 2408 801 2471; x_wconf 88' lang='lat' dir='ltr'><strong>suut,</strong></span> <span class='ocrx_word' id='word_1_113' title='bbox 827 2419 900 2480; x_wconf 85' lang='lat' dir='ltr'><strong>quae</strong></span> <span class='ocrx_word' id='word_1_114' title='bbox 921 2398 1069 2463; x_wconf 85' lang='lat' dir='ltr'><strong>mihi-ex</strong></span> <span class='ocrx_word' id='word_1_115' title='bbox 1090 2419 1129 2463; x_wconf 88' lang='lat' dir='ltr'><strong>eo</strong></span> <span class='ocrx_word' id='word_1_116' title='bbox 1151 2419 1241 2464; x_wconf 89' lang='lat' dir='ltr'><strong>com·</strong></span> 
     </span>
     <span class='ocr_line' id='line_1_18' title="bbox 285 2497 1240 2581; baseline 0.003 -22"><span class='ocrx_word' id='word_1_117' title='bbox 285 2497 437 2561; x_wconf 83' lang='lat' dir='ltr'><strong>mandata</strong></span> <span class='ocrx_word' id='word_1_118' title='bbox 450 2507 500 2561; x_wconf 90' lang='lat' dir='ltr'><strong>est</strong></span> <span class='ocrx_word' id='word_1_119' title='bbox 514 2508 546 2560; x_wconf 90' lang='lat' dir='ltr'><strong>et</strong></span> <span class='ocrx_word' id='word_1_120' title='bbox 560 2497 762 2574; x_wconf 84' lang='lat' dir='ltr'><strong>venerabilis,</strong></span> <span class='ocrx_word' id='word_1_121' title='bbox 779 2499 867 2581; x_wconf 93' lang='lat' dir='ltr'><strong>quod</strong></span> <span class='ocrx_word' id='word_1_122' title='bbox 882 2520 953 2563; x_wconf 90' lang='lat' dir='ltr'><strong>eam</strong></span> <span class='ocrx_word' id='word_1_123' title='bbox 967 2499 1117 2564; x_wconf 90' lang='lat' dir='ltr'><strong>dominus</strong></span> <span class='ocrx_word' id='word_1_124' title='bbox 1130 2499 1240 2580; x_wconf 81' lang='lat' dir='ltr'><strong>Euge·</strong></span> 
     </span>
    </p>
   </div>
   <div class='ocr_carea' id='block_1_3' title="bbox 282 2600 1239 3290">
    <p class='ocr_par' dir='ltr' id='par_1_3' title="bbox 282 2600 1239 3290">
     <span class='ocr_line' id='line_1_19' title="bbox 285 2600 1238 2685; baseline 0.001 -23"><span class='ocrx_word' id='word_1_125' title='bbox 285 2600 358 2663; x_wconf 88' lang='lat' dir='ltr'><strong>nius</strong></span> <span class='ocrx_word' id='word_1_126' title='bbox 366 2600 497 2685; x_wconf 90' lang='lat' dir='ltr'><strong>speciali</strong></span> <span class='ocrx_word' id='word_1_127' title='bbox 506 2600 647 2665; x_wconf 86' lang='lat' dir='ltr'><strong>caritatis</strong></span> <span class='ocrx_word' id='word_1_128' title='bbox 656 2601 966 2666; x_wconf 84' lang='lat' dir='ltr'><strong>affectufamiliarius</strong></span> <span class='ocrx_word' id='word_1_129' title='bbox 974 2602 1238 2685; x_wconf 86' lang='lat' dir='ltr'><strong>amplectebatur.</strong></span> 
     </span>
     <span class='ocr_line' id='line_1_20' title="bbox 284 2699 1239 2786; baseline -0.003 -19"><span class='ocrx_word' id='word_1_130' title='bbox 284 2699 463 2786; x_wconf 83' lang='lat' dir='ltr'><strong>Explorate</strong></span> <span class='ocrx_word' id='word_1_131' title='bbox 486 2702 581 2767; x_wconf 89' lang='lat' dir='ltr'><strong>etiam</strong></span> <span class='ocrx_word' id='word_1_132' title='bbox 599 2703 786 2786; x_wconf 82' lang='lat' dir='ltr'><strong>diligentius</strong></span> <span class='ocrx_word' id='word_1_133' title='bbox 803 2712 836 2766; x_wconf 87' lang='lat' dir='ltr'><strong>et</strong></span> <span class='ocrx_word' id='word_1_134' title='bbox 853 2702 1012 2766; x_wconf 88' lang='lat' dir='ltr'><strong>rescribite</strong></span> <span class='ocrx_word' id='word_1_135' title='bbox 1032 2723 1074 2765; x_wconf 82' lang='lat' dir='ltr'><strong>an</strong></span> <span class='ocrx_word' id='word_1_136' title='bbox 1094 2702 1125 2764; x_wconf 93' lang='lat' dir='ltr'><strong>ei</strong></span> <span class='ocrx_word' id='word_1_137' title='bbox 1142 2702 1184 2765; x_wconf 90' lang='lat' dir='ltr'><strong>sit</strong></span> <span class='ocrx_word' id='word_1_138' title='bbox 1198 2700 1239 2765; x_wconf 91' lang='lat' dir='ltr'><strong>de</strong></span> 
     </span>
     <span class='ocr_line' id='line_1_21' title="bbox 284 2801 1238 2890; baseline -0.001 -24"><span class='ocrx_word' id='word_1_139' title='bbox 284 2801 349 2870; x_wconf 87' lang='lat' dir='ltr'><strong>fine</strong></span> <span class='ocrx_word' id='word_1_140' title='bbox 377 2805 473 2890; x_wconf 88' lang='lat' dir='ltr'><strong>hujus</strong></span> <span class='ocrx_word' id='word_1_141' title='bbox 496 2801 677 2870; x_wconf 89' lang='lat' dir='ltr'><strong>schismatis</strong></span> <span class='ocrx_word' id='word_1_142' title='bbox 701 2803 824 2887; x_wconf 87' lang='lat' dir='ltr'><strong>aliquid</strong></span> <span class='ocrx_word' id='word_1_143' title='bbox 853 2804 1036 2866; x_wconf 88' lang='lat' dir='ltr'><strong>revelatum.</strong></span> <span class='ocrx_word' id='word_1_144' title='bbox 1081 2801 1238 2866; x_wconf 84' lang='lat' dir='ltr'><strong>Praedixit</strong></span> 
     </span>
     <span class='ocr_line' id='line_1_22' title="bbox 286 2901 1237 2988; baseline -0.006 -17"><span class='ocrx_word' id='word_1_145' title='bbox 286 2908 371 2971; x_wconf 89' lang='lat' dir='ltr'><strong>enim</strong></span> <span class='ocrx_word' id='word_1_146' title='bbox 392 2908 426 2970; x_wconf 90' lang='lat' dir='ltr'><strong>in</strong></span> <span class='ocrx_word' id='word_1_147' title='bbox 443 2907 559 2972; x_wconf 90' lang='lat' dir='ltr'><strong>diebus</strong></span> <span class='ocrx_word' id='word_1_148' title='bbox 573 2907 661 2971; x_wconf 88' lang='lat' dir='ltr'><strong>beati</strong></span> <span class='ocrx_word' id='word_1_149' title='bbox 675 2904 828 2987; x_wconf 82' lang='lat' dir='ltr'><strong>Eugenii,</strong></span> <span class='ocrx_word' id='word_1_150' title='bbox 844 2901 933 2988; x_wconf 92' lang='lat' dir='ltr'><strong>quod</strong></span> <span class='ocrx_word' id='word_1_151' title='bbox 946 2925 1011 2969; x_wconf 91' lang='lat' dir='ltr'><strong>non</strong></span> <span class='ocrx_word' id='word_1_152' title='bbox 1028 2916 1112 2967; x_wconf 89' lang='lat' dir='ltr'><strong>esset</strong></span> <span class='ocrx_word' id='word_1_153' title='bbox 1125 2903 1188 2966; x_wconf 87' lang='lat' dir='ltr'><strong>nisi</strong></span> <span class='ocrx_word' id='word_1_154' title='bbox 1201 2901 1237 2965; x_wconf 88' lang='lat' dir='ltr'><strong>in</strong></span> 
     </span>
     <span class='ocr_line' id='line_1_23' title="bbox 282 3004 1235 3090; baseline -0.005 -21"><span class='ocrx_word' id='word_1_155' title='bbox 282 3005 437 3069; x_wconf 85' lang='lat' dir='ltr'><strong>extremis</strong></span> <span class='ocrx_word' id='word_1_156' title='bbox 452 3004 566 3070; x_wconf 89' lang='lat' dir='ltr'><strong>diebus</strong></span> <span class='ocrx_word' id='word_1_157' title='bbox 580 3028 695 3090; x_wconf 88' lang='lat' dir='ltr'><strong>pacem</strong></span> <span class='ocrx_word' id='word_1_158' title='bbox 709 3017 742 3070; x_wconf 91' lang='lat' dir='ltr'><strong>et</strong></span> <span class='ocrx_word' id='word_1_159' title='bbox 754 3005 889 3088; x_wconf 80' lang='lat' dir='ltr'><strong>gratiam</strong></span> <span class='ocrx_word' id='word_1_160' title='bbox 908 3007 943 3069; x_wconf 93' lang='lat' dir='ltr'><strong>in</strong></span> <span class='ocrx_word' id='word_1_161' title='bbox 963 3006 1040 3069; x_wconf 92' lang='lat' dir='ltr'><strong>urbe</strong></span> <span class='ocrx_word' id='word_1_162' title='bbox 1060 3004 1235 3068; x_wconf 88' lang='lat' dir='ltr'><strong>habiturus.</strong></span> 
     </span>
     <span class='ocr_line' id='line_1_24' title="bbox 283 3104 1237 3190; baseline -0.002 -20"><span class='ocrx_word' id='word_1_163' title='bbox 283 3106 401 3170; x_wconf 85' lang='lat' dir='ltr'><strong>Precor</strong></span> <span class='ocrx_word' id='word_1_164' title='bbox 416 3114 521 3168; x_wconf 91' lang='lat' dir='ltr'><strong>autem</strong></span> <span class='ocrx_word' id='word_1_165' title='bbox 537 3107 700 3182; x_wconf 88' lang='lat' dir='ltr'><strong>attentius,</strong></span> <span class='ocrx_word' id='word_1_166' title='bbox 708 3118 744 3169; x_wconf 89' lang='lat' dir='ltr'><strong>ut</strong></span> <span class='ocrx_word' id='word_1_167' title='bbox 756 3127 808 3170; x_wconf 88' lang='lat' dir='ltr'><strong>res</strong></span> <span class='ocrx_word' id='word_1_168' title='bbox 821 3106 906 3171; x_wconf 86' lang='lat' dir='ltr'><strong>beati</strong></span> <span class='ocrx_word' id='word_1_169' title='bbox 922 3106 1063 3188; x_wconf 81' lang='lat' dir='ltr'><strong>Remigii</strong></span> <span class='ocrx_word' id='word_1_170' title='bbox 1076 3104 1165 3190; x_wconf 91' lang='lat' dir='ltr'><strong>apud</strong></span> <span class='ocrx_word' id='word_1_171' title='bbox 1179 3126 1237 3169; x_wconf 85' lang='lat' dir='ltr'><strong>ros</strong></span> 
     </span>
     <span class='ocr_line' id='line_1_25' title="bbox 282 3205 1133 3290; baseline 0.001 -20"><span class='ocrx_word' id='word_1_172' title='bbox 282 3207 328 3271; x_wconf 90' lang='lat' dir='ltr'><strong>sic</strong></span> <span class='ocrx_word' id='word_1_173' title='bbox 344 3205 529 3290; x_wconf 78' lang='lat' dir='ltr'><strong>protegatis,</strong></span> <span class='ocrx_word' id='word_1_174' title='bbox 544 3206 628 3268; x_wconf 89' lang='lat' dir='ltr'><strong>sicut</strong></span> <span class='ocrx_word' id='word_1_175' title='bbox 642 3208 849 3288; x_wconf 80' lang='lat' dir='ltr'><strong>protegeretis</strong></span> <span class='ocrx_word' id='word_1_176' title='bbox 863 3209 1004 3273; x_wconf 90' lang='lat' dir='ltr'><strong>animam</strong></span> <span class='ocrx_word' id='word_1_177' title='bbox 1018 3229 1133 3272; x_wconf 86' lang='lat' dir='ltr'><strong>meam.</strong></span> 
     </span>
    </p>
   </div>
   <div class='ocr_carea' id='block_1_4' title="bbox 334 3520 1181 3701">
    <p class='ocr_par' dir='ltr' id='par_1_4' title="bbox 334 3520 1181 3701">
     <span class='ocr_line' id='line_1_26' title="bbox 334 3520 1181 3587; baseline -0.002 -1"><span class='ocrx_word' id='word_1_178' title='bbox 334 3520 555 3587; x_wconf 83' lang='lat' dir='ltr'><strong>EPISTOLA</strong></span> <span class='ocrx_word' id='word_1_179' title='bbox 578 3520 734 3585; x_wconf 76' lang='lat' dir='ltr'><strong>CC.-uu</strong></span> <span class='ocrx_word' id='word_1_180' title='bbox 749 3536 941 3582; x_wconf 78' lang='lat' dir='ltr'><strong>wmraaurr</strong></span> <span class='ocrx_word' id='word_1_181' title='bbox 955 3537 1181 3585; x_wconf 71' lang='lat' dir='ltr'><strong>mamanensi</strong></span> 
     </span>
     <span class='ocr_line' id='line_1_27' title="bbox 531 3620 971 3701; baseline -0.014 -13"><span class='ocrx_word' id='word_1_182' title='bbox 531 3641 727 3688; x_wconf 78' lang='lat' dir='ltr'><strong>umscoruu.</strong></span> <span class='ocrx_word' id='word_1_183' title='bbox 755 3620 801 3701; x_wconf 82' lang='lat' dir='ltr'><strong>[r.</strong></span> <span class='ocrx_word' id='word_1_184' title='bbox 814 3640 845 3683; x_wconf 88' lang='lat' dir='ltr'><strong>n.</strong></span> <span class='ocrx_word' id='word_1_185' title='bbox 865 3620 971 3701; x_wconf 63' lang='lat'>1162]</span> 
     </span>
    </p>
   </div>
   <div class='ocr_carea' id='block_1_5' title="bbox 469 3773 1043 3859">
    <p class='ocr_par' dir='ltr' id='par_1_5' title="bbox 469 3773 1043 3859">
     <span class='ocr_line' id='line_1_28' title="bbox 469 3773 1043 3859; baseline 0.003 -21"><span class='ocrx_word' id='word_1_186' title='bbox 469 3775 552 3838; x_wconf 82' lang='lat' dir='ltr'><strong>Idem</strong></span> <span class='ocrx_word' id='word_1_187' title='bbox 569 3775 693 3839; x_wconf 82' lang='lat' dir='ltr'><strong>Galtero</strong></span> <span class='ocrx_word' id='word_1_188' title='bbox 709 3773 870 3837; x_wconf 78' lang='lat' dir='ltr'><strong>Albunensi</strong></span> <span class='ocrx_word' id='word_1_189' title='bbox 884 3774 1043 3859; x_wconf 82' lang='lat' dir='ltr'><strong>Episcopo.</strong></span> 
     </span>
    </p>
   </div>
   <div class='ocr_carea' id='block_1_6' title="bbox 277 3908 1230 4407">
    <p class='ocr_par' dir='ltr' id='par_1_6' title="bbox 277 3908 1230 4407">
     <span class='ocr_line' id='line_1_29' title="bbox 323 3908 1230 3995; baseline 0 -20"><span class='ocrx_word' id='word_1_190' title='bbox 323 3912 478 3975; x_wconf 70' lang='lat' dir='ltr'><strong>Maeuius</strong></span> <span class='ocrx_word' id='word_1_191' title='bbox 493 3908 572 3973; x_wconf 91' lang='lat' dir='ltr'><strong>mihi</strong></span> <span class='ocrx_word' id='word_1_192' title='bbox 586 3920 717 3995; x_wconf 84' lang='lat' dir='ltr'><strong>proestat</strong></span> <span class='ocrx_word' id='word_1_193' title='bbox 735 3909 822 3995; x_wconf 89' lang='lat' dir='ltr'><strong>apud</strong></span> <span class='ocrx_word' id='word_1_194' title='bbox 837 3931 892 3974; x_wconf 88' lang='lat' dir='ltr'><strong>vos</strong></span> <span class='ocrx_word' id='word_1_195' title='bbox 906 3911 1047 3975; x_wconf 86' lang='lat' dir='ltr'><strong>audendi</strong></span> <span class='ocrx_word' id='word_1_196' title='bbox 1069 3912 1230 3992; x_wconf 88' lang='lat' dir='ltr'><strong>fiduciam,</strong></span> 
     </span>
     <span class='ocr_line' id='line_1_30' title="bbox 279 4010 1230 4100; baseline -0.001 -23"><span class='ocrx_word' id='word_1_197' title='bbox 279 4012 366 4100; x_wconf 93' lang='lat' dir='ltr'><strong>quod</strong></span> <span class='ocrx_word' id='word_1_198' title='bbox 390 4010 456 4090; x_wconf 87' lang='lat' dir='ltr'><strong>ille,</strong></span> <span class='ocrx_word' id='word_1_199' title='bbox 479 4011 570 4097; x_wconf 88' lang='lat' dir='ltr'><strong>cujus</strong></span> <span class='ocrx_word' id='word_1_200' title='bbox 591 4011 747 4077; x_wconf 88' lang='lat' dir='ltr'><strong>memoria</strong></span> <span class='ocrx_word' id='word_1_201' title='bbox 768 4012 801 4076; x_wconf 93' lang='lat' dir='ltr'><strong>in</strong></span> <span class='ocrx_word' id='word_1_202' title='bbox 824 4012 1049 4078; x_wconf 85' lang='lat' dir='ltr'><strong>benedictione</strong></span> <span class='ocrx_word' id='word_1_203' title='bbox 1070 4025 1128 4091; x_wconf 89' lang='lat' dir='ltr'><strong>est,</strong></span> <span class='ocrx_word' id='word_1_204' title='bbox 1150 4014 1230 4077; x_wconf 88' lang='lat' dir='ltr'><strong>utri-</strong></span> 
     </span>
     <span class='ocr_line' id='line_1_31' title="bbox 279 4114 1229 4203; baseline -0.001 -23"><span class='ocrx_word' id='word_1_205' title='bbox 279 4137 379 4203; x_wconf 89' lang='lat' dir='ltr'><strong>usque</strong></span> <span class='ocrx_word' id='word_1_206' title='bbox 402 4123 544 4180; x_wconf 89' lang='lat' dir='ltr'><strong>nostrum</strong></span> <span class='ocrx_word' id='word_1_207' title='bbox 566 4124 658 4199; x_wconf 89' lang='lat' dir='ltr'><strong>pater</strong></span> <span class='ocrx_word' id='word_1_208' title='bbox 679 4114 894 4179; x_wconf 88' lang='lat' dir='ltr'><strong>sanctissimus</strong></span> <span class='ocrx_word' id='word_1_209' title='bbox 915 4114 1085 4192; x_wconf 86' lang='lat' dir='ltr'><strong>Adrianus,</strong></span> <span class='ocrx_word' id='word_1_210' title='bbox 1104 4114 1159 4201; x_wconf 93' lang='lat' dir='ltr'><strong>qui</strong></span> <span class='ocrx_word' id='word_1_211' title='bbox 1175 4137 1229 4180; x_wconf 89' lang='lat' dir='ltr'><strong>vos</strong></span> 
     </span>
     <span class='ocr_line' id='line_1_32' title="bbox 277 4216 1228 4302; baseline 0.005 -24"><span class='ocrx_word' id='word_1_212' title='bbox 277 4216 310 4280; x_wconf 91' lang='lat' dir='ltr'><strong>in</strong></span> <span class='ocrx_word' id='word_1_213' title='bbox 326 4229 435 4282; x_wconf 86' lang='lat' dir='ltr'><strong>sancta</strong></span> <span class='ocrx_word' id='word_1_214' title='bbox 452 4217 599 4282; x_wconf 88' lang='lat' dir='ltr'><strong>Romana</strong></span> <span class='ocrx_word' id='word_1_215' title='bbox 609 4216 810 4282; x_wconf 87' lang='lat' dir='ltr'><strong>fortissimam</strong></span> <span class='ocrx_word' id='word_1_216' title='bbox 822 4220 872 4299; x_wconf 92' lang='lat' dir='ltr'><strong>(ut</strong></span> <span class='ocrx_word' id='word_1_217' title='bbox 887 4238 958 4302; x_wconf 90' lang='lat' dir='ltr'><strong>spes</strong></span> <span class='ocrx_word' id='word_1_218' title='bbox 972 4220 1035 4301; x_wconf 87' lang='lat' dir='ltr'><strong>est)</strong></span> <span class='ocrx_word' id='word_1_219' title='bbox 1045 4216 1228 4283; x_wconf 91' lang='lat' dir='ltr'><strong>columnam</strong></span> 
     </span>
     <span class='ocr_line' id='line_1_33' title="bbox 278 4316 1227 4407; baseline 0.004 -26"><span class='ocrx_word' id='word_1_220' title='bbox 278 4316 433 4402; x_wconf 86' lang='lat' dir='ltr'><strong>plautavit</strong></span> <span class='ocrx_word' id='word_1_221' title='bbox 445 4318 599 4402; x_wconf 88' lang='lat' dir='ltr'><strong>Ecclesia,</strong></span> <span class='ocrx_word' id='word_1_222' title='bbox 608 4342 661 4384; x_wconf 91' lang='lat' dir='ltr'><strong>me</strong></span> <span class='ocrx_word' id='word_1_223' title='bbox 676 4318 805 4407; x_wconf 88' lang='lat' dir='ltr'><strong>speciali</strong></span> <span class='ocrx_word' id='word_1_224' title='bbox 819 4318 957 4405; x_wconf 90' lang='lat' dir='ltr'><strong>quadam</strong></span> <span class='ocrx_word' id='word_1_225' title='bbox 973 4317 1111 4385; x_wconf 85' lang='lat' dir='ltr'><strong>caritatis</strong></span> <span class='ocrx_word' id='word_1_226' title='bbox 1125 4320 1227 4406; x_wconf 84' lang='lat' dir='ltr'><strong>gratia</strong></span> 
     </span>
    </p>
   </div>
   <div class='ocr_carea' id='block_1_7' title="bbox 0 0 1522 5200">
    <p class='ocr_par' dir='ltr' id='par_1_7' title="bbox 0 0 1522 5200">
     <span class='ocr_line' id='line_1_34' title="bbox 0 0 1522 5200; baseline 0 8"><span class='ocrx_word' id='word_1_227' title='bbox 0 0 1522 5200; x_wconf 95' lang='lat' dir='ltr'><strong> </strong></span> 
     </span>
    </p>
   </div>
  </div>
 </body>
</html>
