3034 5200
319 735 383 799 212
571 750 707 797 roannrs
723 747 1001 794 saansannrnnsrs
1178 731 1223 810 [r.
1242 751 1272 794 o.

322 901 460 965 ecclesiae
483 901 603 965 nullam
629 901 724 966 debet
749 899 974 975 obedientiam,
1003 910 1035 963 et
1059 901 1147 984 quod
1168 901 1278 964 cathe-

321 1003 411 1068 dram
438 1004 701 1090 metropoliticam
724 1003 802 1067 illuc
825 1002 988 1067 transferri
1010 1001 1105 1066 faciet
1127 1001 1182 1066 ubi
1203 1027 1273 1068 eam

321 1127 387 1168 esse
413 1105 528 1170 debere
554 1105 657 1190 fingit,
688 1128 727 1169 ne
756 1107 859 1169 dicam
889 1104 1054 1181 mentitur,
1081 1105 1199 1171 scilicet
1229 1107 1271 1170 ad

322 1207 483 1272 ecclesiam
501 1208 769 1285 Londouiensem,
782 1208 838 1272 ubi
853 1205 1099 1271 archiflaminem
1115 1208 1273 1292 gloriatur

320 1309 436 1373 sedisse
451 1309 528 1372 dum
544 1309 564 1373 J
567 1309 676 1372 otialis
692 1308 802 1393 religio
816 1308 988 1372 colebatur.
1018 1311 1064 1373 Et
1073 1307 1207 1372 fortasse
1223 1310 1272 1373 vir

320 1410 462 1495 prudens
473 1424 504 1474 et
517 1409 681 1495 religiosus
692 1408 816 1473 cultum
827 1409 917 1476 Jovis
930 1410 1105 1474 instaurare
1116 1409 1268 1494 disponit,

320 1525 368 1587 ut,
385 1511 410 1576 si
433 1511 495 1578 alio
511 1514 605 1576 modo
620 1511 884 1597 archiepiscopari
898 1533 960 1573 non
983 1523 1100 1597 potest,
1117 1510 1270 1576 Archiflaa

319 1613 412 1677 minis
437 1613 547 1676 saltem
574 1634 687 1676 nomen
710 1624 743 1676 et
764 1611 893 1675 titulum
912 1624 1107 1696 assequatur.
1153 1612 1270 1675 Fretus

318 1708 424 1778 tamen
452 1728 499 1779 est
526 1714 652 1779 oraculo
678 1712 809 1776 Merliui
835 1713 890 1798 qui
915 1713 1018 1776 nescio
1041 1735 1105 1799 quo
1128 1713 1268 1799 repletus

319 1817 432 1901 spiritu
464 1817 650 1902 perhibetur
680 1828 753 1879 ante
782 1814 954 1879 adventum
986 1812 1269 1899 beati'Augustini

205 1982 211 1993 ,
318 1917 499 2002 Anglornm
530 1918 664 2005 apostoli
696 1917 885 1982 vaticinatus
913 1941 980 1981 esse
1008 1916 1174 1980 delendam
1200 1936 1267 1980 esse

320 2017 533 2083 Christianam
549 2020 744 2103 religionem,
754 2031 784 2082 et
801 2020 908 2082 denuo
918 2017 1152 2083 reformandam
1168 2040 1268 2103 quan-

320 2117 602 2185 doLondonieusis
613 2119 751 2204 dignitas
761 2121 993 2185 Doroberniam
1002 2119 1179 2185 adornabit.
1205 2120 1269 2184 Sed

316 2222 391 2305 qnia
401 2220 577 2286 Merlianus
588 2222 797 2309 philosophus
805 2224 971 2310 prophetae
981 2221 1029 2286 sui
1042 2222 1166 2286 futilem
1177 2223 1266 2289 novit

315 2321 548 2403 auctoritatem,
559 2324 654 2387 etiam
670 2324 710 2387 ad
729 2323 881 2389 validiora
896 2338 978 2388 certe
993 2322 1137 2388 subsidia
1151 2322 1268 2389 dicitur

314 2424 505 2509 confugisse,
533 2448 728 2513 praesumens
758 2428 798 2489 de
827 2438 995 2512 potentatu
1030 2425 1193 2512 principis,
1224 2426 1265 2491 de

315 2525 454 2591 ecclesiae
472 2528 649 2609 debilitate,
666 2532 704 2594 de
719 2529 853 2593 avaritia
868 2532 1097 2607 Romanorum,
1110 2526 1152 2590 de
1166 2528 1265 2614 pusil-

312 2628 487 2695 lanimitate
497 2646 611 2710 vestra,
622 2633 662 2696 de
671 2644 862 2719 paupertate
870 2630 1107 2715 archiepiscopi,
1116 2644 1148 2694 et
1158 2631 1267 2696 multi·

313 2730 425 2795 tudine
436 2733 618 2801 divitiarum
630 2756 772 2811 suarum,
783 2733 902 2818 quibus
917 2731 1069 2795 adversus
1078 2732 1264 2817 sapientiam

312 2843 344 2896 et
354 2833 515 2919 justitiam
533 2838 594 2900 Dei
613 2837 743 2901 confidit
759 2859 792 2900 se
814 2834 1053 2921 praevaliturunr
1069 2834 1101 2896 in
1124 2835 1264 2899 vanitate

312 2954 379 2999 sua.
425 2938 509 3014 Quid
526 2962 602 3023 ergo
616 2938 727 3003 dicetis
742 2952 774 3003 et
788 2937 911 3001 facietis
926 2935 965 3000 ad
982 2932 1074 3000 haee?
1103 2936 1262 3022 Nunquid

311 3033 391 3100 adeo
416 3043 661 3124 praenominatos
684 3055 835 3128 patronos
860 3051 992 3112 vestros,
1016 3052 1071 3102 aut
1097 3052 1132 3101 ut
1158 3038 1262 3102 verius

311 3132 445 3202 dixerim
472 3145 598 3227 pietatis
624 3157 656 3209 et
679 3143 752 3207 fidei
781 3141 899 3208 timetis
924 3139 1040 3218 hostes,
1067 3152 1103 3203 ut
1127 3139 1155 3203 ei
1181 3138 1264 3204 detis

310 3233 413 3301 locum
431 3243 486 3326 qui
509 3259 640 3309 matrem
659 3262 791 3310 vestram
816 3259 879 3309 tam
897 3241 1076 3330 parricidali
1099 3243 1262 3329 impietate

305 3337 457 3423 jugulare
482 3345 638 3409 molitur?
675 3351 790 3411 Nonne
811 3347 863 3410 hic
888 3368 951 3409 nou
973 3344 1068 3408 modo
1090 3344 1261 3408 facultates

310 3440 448 3507 ecclesiae
470 3447 649 3532 erogandae,
664 3448 718 3512 sed
741 3448 870 3534 sanguis
891 3446 1075 3512 fundendus
1095 3458 1155 3522 est,
1172 3460 1209 3509 ut
1232 3447 1261 3509 ei

311 3539 487 3623 resistatur,
502 3560 534 3611 et
550 3547 688 3612 ecclesiae
710 3563 914 3614 conservetur
929 3539 1123 3613 auctoritas?
1154 3546 1261 3611 Pudet

308 3662 418 3725 quaeso
448 3651 646 3715 sanctitatem
677 3666 811 3742 yestram
843 3650 930 3736 quod
960 3648 1079 3713 nullam
1109 3647 1263 3712 hactenus

307 3746 391 3827 patri
413 3752 556 3818 exulanti
572 3767 603 3819 et
626 3755 802 3840 proscripto
819 3751 1007 3818 exhibuistis
1028 3749 1259 3814 humanitatem

306 3848 542 3920 consolationis:
567 3875 623 3922 aut
639 3858 727 3938 nihil,
738 3871 795 3922 aut
809 3856 907 3943 (quod
924 3854 1035 3919 melius
1046 3852 1154 3935 nostis)
1168 3851 1258 3915 mini-

306 3973 394 4017 mum
407 3953 615 4043 impendistis,
625 3982 723 4044 quum
736 3972 840 4023 tamen
852 3958 918 4022 fere
930 3956 1160 4022 totusLatinus
1170 3953 1257 4017 orbis

305 4063 467 4128 evidenter
486 4074 668 4147 agnosceret
687 4060 843 4149 justitiam
860 4061 933 4134 Dei,
949 4073 979 4121 et
1004 4058 1142 4122 ecclesiae
1161 4055 1256 4122 liber·

305 4180 401 4232 tatem
419 4165 548 4231 titulum
563 4178 629 4228 esse
640 4164 728 4228 exilii
744 4175 776 4227 et
787 4159 1026 4248 proscriptionis
1040 4159 1137 4225 illius.
1168 4157 1255 4223 Alias

303 4290 379 4351 ergo
404 4267 548 4332 ecclesias
569 4267 636 4353 jam
664 4262 880 4350 quinquennio
906 4283 968 4325 non
995 4262 1066 4326 dico
1093 4259 1253 4346 spoliavit,

300 4367 449 4453 quoniam
466 4379 577 4452 sponte
592 4379 624 4430 et
635 4365 721 4430 ultro
736 4365 1049 4430 communicaverunt
1060 4360 1254 4428 necessitati-
