3034 5200
326 719 386 779 196
495 789 499 797 Ι
586 731 724 775 maurus
739 729 1019 776 saansnnnmusrs
1191 710 1236 789 [a.
1254 729 1286 775 n.

326 883 389 947 isse
398 880 529 967 negotii,
546 903 643 967 quum
659 892 764 945 tamen
779 903 815 944 ea
830 902 904 965 quae
913 891 1003 964 gesta
1011 889 1087 942 suut
1097 876 1286 963 diligentius

327 993 516 1068 exequatur.
554 982 640 1059 Quin
655 983 764 1068 potius
778 1003 835 1066 per
846 980 1018 1067 prophetas
1029 1001 1113 1065 soepe
1124 979 1284 1044 Dominus

327 1083 539 1147 comminatur
554 1104 586 1146 se
601 1095 694 1148 terrae
711 1082 853 1167 legitima
877 1081 1028 1145 daturum
1052 1081 1185 1146 sabbata
1207 1104 1284 1166 quae

326 1183 511 1248 inobediens
522 1183 661 1269 populus
673 1182 861 1267 denegabat.
893 1186 943 1246 De
953 1181 1148 1247 Macbabaeis
1158 1193 1283 1246 certum

326 1284 471 1369 estquod
483 1284 575 1348 bellis
584 1285 732 1370 occupati
743 1285 841 1348 tantis
851 1282 923 1347 otiis
938 1295 971 1347 et
982 1281 1140 1347 solemniis
1154 1305 1282 1347 vacasse

328 1385 540 1472 nequiverint.
597 1385 725 1450 Exinde
751 1384 920 1470 usquead
945 1383 1112 1450 Christum
1139 1383 1281 1448 medium

329 1501 459 1554 tenuere
482 1500 599 1553 cuncta
621 1487 793 1553 silentium.
840 1488 885 1551 Et
908 1487 969 1552 sub
992 1486 1145 1550 Romanis
1167 1486 1283 1571 princi-

328 1590 424 1676 pibus
444 1589 656 1654 invalescebat
672 1588 788 1653 divinae
810 1588 967 1673 legistam
991 1587 1171 1671 ignorantia
1184 1609 1281 1672 quam

327 1703 539 1775 contemptus.
585 1691 635 1754 Ad
650 1689 719 1753 haec
734 1701 855 1775 quanta
869 1710 998 1773 possum
1019 1688 1189 1753 devotione
1204 1711 1279 1774 sup·

328 1791 412 1877 plico
433 1794 581 1875 quatinus
597 1790 621 1853 si
645 1790 769 1854 habetis
783 1789 924 1875 aliquam
946 1789 1172 1875 expositionem
1189 1791 1282 1854 Jere·

326 1890 400 1956 mia
414 1891 447 1954 in
461 1895 607 1956 Marcum
623 1913 693 1956 eam
709 1891 786 1954 mibi
798 1891 824 1954 si
839 1891 943 1977 placet
958 1890 1206 1971 communicetis,
1220 1903 1277 1956 aut

328 1995 356 2056 si
371 2015 433 2056 non
448 1991 571 2057 habetis
587 2014 643 2055 vos
664 1992 725 2077 ipsi
740 1993 922 2077 componite
940 1993 1015 2079 quia
1029 2015 1111 2078 opus
1132 2005 1277 2058 sanctum

326 2104 386 2168 est,
401 2104 433 2155 et
445 2103 508 2155 tam
519 2091 656 2154 ecclesiis
666 2113 762 2176 quam
773 2091 969 2158 scholaribus
980 2109 1109 2157 auctore
1121 2097 1192 2158 Deo
1206 2116 1279 2178 gra-

327 2193 493 2258 tissimum.
524 2195 592 2257 Nec
603 2191 703 2256 deerit
714 2196 938 2278 opportunitas
946 2195 1116 2275 scribendi,
1127 2196 1153 2260 si
1165 2199 1279 2262 Domi-

328 2314 388 2355 nus
403 2292 604 2377 inspiraverit
621 2295 828 2356 voluntatem.

362 2661 584 2727 EPISTOLA
607 2660 940 2725 CCLXXXW-An
955 2681 1244 2728 aaarnotommms

563 2779 663 2824 nxou.
679 2779 763 2824 aris.
812 2760 857 2839 [A.
874 2782 905 2826 n.
924 2765 1031 2845 noa]

447 2951 535 3015 Idem
551 2951 769 3015 Barttotomeo
783 2950 969 3016 anoieoai
984 2955 1151 3038 Episcopo.

368 3102 556 3164 Amanum
570 3099 700 3165 fortuna
719 3123 826 3164 rerum
843 3099 924 3165 vices
944 3102 1189 3191 mortaliumque
1203 3128 1276 3169 con-

324 3200 476 3263 ditionem
500 3222 585 3263 nunc
600 3199 719 3285 dejicit,
735 3225 820 3266 nunc
841 3202 976 3268 extollit.
1022 3205 1156 3271 Rectius
1171 3220 1275 3271 tamen

322 3297 458 3361 dixerim
473 3310 505 3361 et
519 3298 635 3371 verius,
653 3302 741 3384 quod
756 3303 857 3388 isqui
873 3304 973 3367 ventis
988 3317 1020 3368 et
1035 3308 1114 3370 mari
1129 3312 1274 3393 imperat,

322 3396 525 3480 exigentibus
550 3397 713 3460 hominum
731 3401 863 3477 meritis
879 3402 910 3464 in
926 3402 1038 3489 politia
1053 3406 1225 3487 mundana,
1241 3432 1275 3473 re

322 3498 440 3565 scilicet
464 3496 594 3584 publica
618 3495 803 3582 degentium
830 3500 863 3564 in
885 3504 946 3565 hoc
967 3504 1082 3584 seculo,
1104 3505 1274 3575 seditiones

322 3625 389 3667 esse
403 3600 536 3688 patitur,
548 3612 580 3665 et
594 3599 757 3665 interdum
771 3602 861 3687 quasi
876 3602 1028 3687 procellas
1042 3606 1176 3684 excitat,
1192 3632 1276 3675 nnuc

323 3727 375 3768 eas
390 3702 578 3790 beneplaciti
592 3703 641 3767 sui
657 3705 854 3769 miseratione
868 3706 1048 3790 compescit.
1080 3708 1152 3771 Hac
1167 3723 1274 3775 autem

286 3843 294 3854 ·
322 3804 424 3889 ipsius
444 3803 676 3889 dispensatione
697 3827 801 3891 nuper
822 3806 939 3872 accidit
954 3807 1041 3893 quod
1063 3808 1198 3875 illustris
1219 3836 1275 3879 rex

323 3904 464 3991 Angliae‚
487 3905 561 3969 licet
584 3928 668 3991 saepe
686 3907 871 3973 'solemniter
888 3920 921 3972 et
939 3908 1067 3994 publice
1084 3912 1223 3996 jurasset
1243 3938 1276 3979 se

322 4012 355 4074 in
370 4004 546 4070 hominium
559 4006 820 4072 Christianissimi
832 4012 917 4094 regis
928 4010 1062 4076 ulterius
1074 4014 1183 4096 quoad
1193 4015 1276 4081 vive·

322 4124 371 4176 ret
392 4132 454 4174 non
476 4109 664 4183 rediturum,
689 4110 804 4174 saniori
826 4111 957 4177 consilio
978 4114 1180 4201 acquiescens
1202 4140 1275 4205 pro·

322 4213 460 4298 positum
492 4212 640 4289 mutavit,
662 4224 694 4277 et
716 4214 748 4275 in
769 4212 915 4298 proximo
941 4215 1195 4302 Epiphaniorum
1224 4221 1275 4285 die

322 4314 408 4397 apud
421 4315 566 4378 Montem
580 4313 762 4378 Mirabilem
774 4316 806 4378 in
818 4338 900 4401 pago
912 4318 1099 4385 Carnotensi
1111 4321 1151 4385 ad
1162 4345 1277 4388 memo-
