3034 5200
245 700 251 720 ⁸
285 699 391 778 ilas]
660 715 839 758 salsiora.
1175 700 1230 759 lsi

281 878 354 932 sunt
381 878 530 931 stercora.
579 864 641 927 Sed
667 865 736 950 jam
762 886 819 947 per
844 863 979 946 gratiam
1006 864 1069 926 Dei
1094 864 1231 928 turbinis

279 968 418 1053 impetus
433 978 601 1030 enervatus
623 978 682 1041 est,
698 977 730 1027 et
749 965 839 1028 Petri
856 964 945 1026 navis
959 973 1105 1049 optatum
1126 964 1231 1047 ingre-

279 1067 368 1131 ditur
397 1079 537 1152 portum.
582 1065 676 1142 Quod
700 1064 759 1128 tibi
789 1064 861 1127 ideo
890 1064 998 1126 curavi
1028 1063 1232 1141 innotescere,

280 1169 335 1254 qui
367 1182 397 1232 te
422 1167 546 1251 gaudiis
568 1166 707 1230 eeclesiae
730 1188 791 1228 non
816 1165 943 1249 ambigo
965 1166 1230 1250 congavisurum:

279 1269 454 1354 praesertim
465 1265 1232 1353 quumamicosrecepturussisinpaceecclesiae‚

280 1371 336 1457 qui
358 1372 512 1433 honorem
543 1383 574 1433 et
598 1369 769 1433 utilitatem
801 1383 889 1432 tuam
920 1382 1072 1453 poterunt
1102 1379 1232 1430 anctore

281 1472 420 1535 Domino
433 1493 626 1556 promovere.
659 1471 818 1534 Dominus
833 1471 916 1534 enim
930 1473 1085 1536 Cantuar.
1101 1468 1157 1553 qni
1173 1490 1232 1552 pro

281 1572 421 1637 omnium
442 1571 572 1634 dimicat
598 1571 755 1649 libertate,
778 1572 881 1636 virum
907 1571 1011 1637 induit
1039 1571 1096 1655 qui
1122 1568 1233 1632 honori

282 1673 420 1739 ecclesiae
436 1672 512 1735 velit
523 1673 647 1758 jugiter
662 1672 821 1738 inservire.

324 1956 549 2021 EPISTOLA
574 1955 903 2020 CCLXXIII.-—an
925 1975 1094 2020 nnoonan
1116 1974 1190 2018 aaa.

530 2077 555 2121 s.
574 2075 742 2121 nannum.
764 2058 809 2138 [A.
826 2076 857 2119 n.
878 2057 987 2136 llas]

410 2208 498 2269 idem
517 2207 652 2286 Hngona'
669 2206 788 2268 Abbati
805 2207 919 2269 Sancti
934 2205 1116 2269 Edmundi.

326 2357 426 2432 Qnon
447 2356 480 2418 in
504 2354 694 2419 salutatione
718 2355 859 2418 variatur
881 2356 1058 2440 inscripti0‚
1080 2378 1174 2420 causa
1203 2357 1237 2418 in

285 2455 430 2519 absoluto
461 2466 520 2533 est,
543 2457 619 2539 quia
643 2467 775 2539 urgente
798 2456 994 2539 tempestatis
1017 2456 1152 2520 articulo
1180 2469 1237 2518 aut

285 2555 411 2619 nomina
424 2554 652 2641 supprimenda
667 2568 752 2633 sunt,
765 2569 821 2620 aut
833 2555 1056 2621 commenticiis
1068 2557 1236 2621 utendum.

285 2657 347 2722 Sed
363 2679 425 2720 non
439 2657 511 2720 ideo
534 2658 637 2720 minor
653 2670 699 2720 est
715 2657 890 2721 reverentia
905 2680 1109 2743 personarum
1127 2659 1152 2722 si
1168 2659 1239 2742 dig·

284 2758 420 2822 nitatum
458 2758 574 2821 titulus
608 2757 768 2834 reticetur,
800 2781 857 2821 nec
894 2758 1017 2821 caritati
1048 2757 1239 2844 praejudicat

284 2861 423 2925 cohibita
445 2860 574 2924 libertas
597 2860 807 2946 obsequendi.
845 2864 929 2925 Nam
951 2860 1142 2946 plerumque
1158 2872 1190 2924 et
1206 2859 1238 2924 in

286 2960 431 3046 pluribus
447 2963 606 3046 poeticum
622 2959 705 3024 illud
719 2961 863 3026 obtinet:

369 3085 448 3147 Quod
457 3084 519 3136 licet
529 3086 662 3151 ingratum
674 3089 730 3136 est:
749 3085 817 3152 quod
828 3102 880 3136 non
891 3085 963 3149 licet,
974 3086 1086 3157 amplius
1097 3088 1158 3139 urit.

284 3192 330 3253 Et
342 3186 419 3248 mihi
431 3186 561 3271 quidem
570 3186 839 3269 magnofuturum
852 3199 919 3250 erat
929 3190 1041 3252 solatio
1054 3192 1079 3254 si
1090 3191 1121 3253 in
1131 3190 1239 3277 aliquo

281 3288 390 3352 liceret
406 3285 569 3349 sedulitati
585 3308 663 3349 meae
674 3310 750 3373 erga
762 3292 879 3353 amicos
898 3290 1073 3355 officiosum
1089 3314 1165 3356 esse.
1190 3292 1237 3355 Et

283 3388 364 3451 sicut
392 3387 423 3451 in
451 3387 612 3452 beneficiis
637 3388 771 3474 obligari
797 3412 921 3455 necesse
950 3391 1064 3468 habeo,
1092 3393 1134 3456 sic
1163 3393 1241 3457 alios

285 3489 362 3552 mihi
392 3490 590 3574 contingeret
622 3490 775 3575 obligare.
822 3492 895 3554 Non
926 3506 973 3555 est
996 3506 1101 3554 tamen
1124 3506 1241 3576 praeter

283 3614 336 3653 vos
351 3591 418 3653 fere
433 3593 615 3678 quisquam,
630 3592 683 3655 cui
699 3595 732 3656 in
747 3592 870 3655 ratione
882 3593 950 3656 dati
960 3605 992 3655 et
1001 3592 1123 3676 accepti
1134 3606 1242 3657 tenear

285 3691 457 3775 obligatus,
481 3716 584 3777 quum
606 3715 715 3757 omnes
738 3692 799 3756 sub
822 3703 982 3777 praetextn
1013 3704 1118 3768 metus
1139 3694 1242 3759 inanis

285 3805 431 3876 quaerant
446 3792 685 3877 ingratitudinis
701 3816 766 3858 suae
786 3792 946 3856 solatium.
991 3790 1088 3856 Unde
1102 3807 1133 3857 et
1152 3795 1242 3858 vobis

285 3893 403 3956 arctius
419 3905 538 3969 teneor,
555 3893 613 3978 qui
629 3915 678 3955 me
694 3892 774 3956 citra
789 3890 901 3955 merita
917 3889 1032 3954 totiens
1047 3889 1079 3953 in
1095 3892 1242 3955 benedic-

285 3990 425 4054 tionibus
452 3992 632 4055 dulcedinis
658 3990 868 4077 praevenistis.
924 3994 1009 4055 Ecce
1039 3990 1121 4052 enim
1152 3989 1247 4053 exilii*

284 4089 346 4150 mei
369 4103 479 4153 sextus
502 4112 605 4155 annus
627 4104 710 4154 astat
733 4113 791 4175 pro
816 4090 948 4165 foribus,
971 4103 1003 4152 et
1026 4087 1106 4150 nnlli
1129 4110 1239 4152 eorum

288 4189 344 4274 qui
367 4190 445 4251 mihi
467 4191 544 4253 dum
560 4190 705 4254 florerem
720 4191 753 4253 in
777 4187 881 4274 patria
893 4187 1066 4252 familiares
1081 4200 1171 4249 erant
1186 4205 1250 4252 aut·

287 4287 456 4368 debitores,
462 4291 554 4355 extiti
567 4302 781 4368 onerosus,et,
791 4309 850 4371 per
863 4287 997 4371 gratiam
1010 4284 1070 4351 Dei
1078 4286 1243 4351 necessitas
