3034 5200
265 707 373 785 noa]
650 718 826 763 narsrona.
1151 709 1209 766 toa

166 1019 169 1025 ·
222 1040 233 1057 ,
288 991 507 1054 EPISTOLA
533 991 756 1055 contr-in
774 1005 948 1051 nicaenum
966 1006 1117 1051 paronam
1136 1008 1178 1050 ua

529 1108 683 1154 novumn.
734 1089 946 1168 [nultra]

440 1248 531 1308 Idem
546 1243 690 1308 Ricardo
706 1244 816 1305 Priori
831 1242 869 1305 de
885 1242 1029 1307 Davara.

302 1360 428 1421 Factus
444 1352 515 1417 coeli
532 1365 694 1415 serenatur
709 1353 749 1415 ab
769 1351 902 1431 oriente,
916 1365 1013 1438 caput
1036 1352 1212 1416 schismatis

258 1459 290 1520 in
314 1455 464 1541 aquilone
487 1453 674 1528 conteritur,
690 1451 719 1515 ei
742 1452 884 1515 membra
901 1452 1083 1535 languentia
1105 1466 1213 1518 conta·

260 1560 405 1630 bescunt,
421 1552 529 1617 dolent
545 1552 654 1629 latera,
671 1574 844 1637 squammae
863 1552 1040 1631 solvuntur,
1057 1567 1092 1618 ut
1116 1554 1213 1638 spira-

262 1657 370 1720 culum
387 1677 511 1741 pereas
533 1653 634 1740 possit
650 1654 803 1720 incedere.
850 1656 894 1720 Et
913 1656 981 1741 jam
997 1655 1029 1718 in
1052 1655 1214 1720 occidente

262 1779 335 1820 suos
359 1753 494 1841 justitiae
518 1752 564 1817 sol
589 1752 693 1817 radios
717 1755 838 1820 vibrat:
870 1757 956 1821 unde
978 1757 1012 1820 in
1038 1757 1126 1820 breri
1150 1779 1214 1842 pax

262 1856 400 1920 ecclesiae
416 1869 559 1940 speratur
575 1853 726 1933 affutura,
742 1868 779 1918 ut
795 1856 951 1940 possimus
966 1858 1075 1922 amicis
1094 1858 1214 1921 solvere

260 1959 435 2043 gratiarum
452 1955 574 2019 debitas
589 1955 736 2021 actiones.
782 1959 827 2021 Et
844 1957 972 2042 quidem
991 1957 1105 2035 (amice
1120 1957 1215 2022 dilec-

261 2059 389 2142 tissime)
406 2082 466 2142 ego
481 2080 531 2120 me
546 2056 605 2121 tibi
621 2055 773 2141 profiteor
795 2057 970 2122 debitorem
986 2059 1026 2122 ad
1043 2072 1135 2123 tuum
1160 2059 1215 2123 ubi

262 2172 293 2224 et
309 2159 437 2246 quando
458 2171 569 2249 potero
584 2171 753 2242 promptus
768 2157 967 2242 obsequium.
1013 2161 1103 2244 Ergo
1126 2161 1150 2224 si
1167 2183 1216 2224 res

262 2285 301 2324 ex
316 2260 506 2325 liberalitate
519 2259 647 2323 videtur
663 2259 782 2332 abesse,
797 2259 856 2349 tibi
868 2284 908 2325 ex
922 2284 959 2325 ea
970 2284 1095 2326 servum
1108 2262 1217 2326 adesse

263 2362 453 2440 memineris,
475 2360 640 2424 obtinente
666 2383 703 2423 eo
729 2362 816 2446 quod
840 2364 1029 2448 regulariter
1050 2365 1216 2451 proditum

262 2477 320 2543 est,
337 2467 415 2548 quia
435 2461 619 2526 beneficium
643 2462 784 2548 accipere
806 2477 853 2528 est
871 2465 1005 2529 vendere
1028 2465 1216 2531 libertatem.

265 2566 327 2630 Sed
348 2565 429 2651 quid
445 2563 516 2627 dico
532 2563 736 2648 singulariter
751 2588 888 2641 servum,
903 2590 1003 2655 quum
1019 2591 1069 2634 me
1084 2582 1116 2635 et
1132 2592 1217 2635 meos

265 2671 321 2754 qui
344 2668 535 2731 intermeant
560 2666 619 2729 hoc
643 2666 717 2752 jure
740 2681 847 2734 teneas
868 2669 1051 2757 obligatos?
1088 2675 1217 2735 Horum

264 2769 441 2834 meminisse
467 2768 607 2854 juvabit,
631 2791 731 2854 quum
757 2769 810 2834 ille
834 2785 963 2837 auctore
987 2776 1058 2838 Deo
1087 2772 1217 2837 evicerit

263 2873 400 2937 ecclesiae
430 2872 628 2936 libertatern:
667 2872 725 2959 qui
756 2896 840 2938 nunc
873 2874 973 2959 (quod
1004 2888 1112 2939 nostra
1143 2887 1214 2939 tum

264 2989 420 3061 perpetua
442 2973 616 3057 ignominia
638 2978 701 3056 est)
725 2976 866 3038 torcular
888 2976 973 3040 solus
995 2977 1106 3054 calcat,
1125 2988 1156 3041 et
1179 2975 1219 3039 de

265 3089 360 3160 gente
387 3097 455 3147 sua,
480 3075 609 3137 ecclesia
636 3074 754 3139 scilicet
780 3075 969 3162 Anglicana‚
991 3080 1138 3144 comitem
1165 3077 1216 3142 vix

265 3192 399 3241 invenit.

264 3549 483 3613 EPISTOLA
513 3552 757 3616 cotun-in
780 3569 965 3615 nonnarum
987 3571 1220 3619 moa-mcum.

522 3671 688 3715 cannara.
737 3652 825 3731 [nu.
844 3653 954 3732 noa]

397 3809 486 3873 Idem
503 3811 638 3873 Roberto
652 3810 862 3873 vae-Aream.
881 3809 1042 3874 Cantetur.

308 3924 512 3985 Docr1ssrmr
530 3917 588 3981 viri
605 3921 761 3982 sententia
775 3931 824 3982 est
839 3919 936 3982 verba
951 3918 1134 4007 accipienda
1154 3943 1220 3985 esse

269 4043 307 4082 ex
330 4043 422 4084 sensu
446 4042 485 4082 ex
508 4042 574 4104 quo
595 4019 688 4096 fiunt,
705 4042 767 4083 non
790 4042 829 4083 ex
853 4041 946 4083 sensu
969 4043 1063 4103 quem
1081 4019 1220 4084 faciunt:

269 4143 364 4203 quam
382 4120 409 4183 si
423 4135 580 4204 sequutus
595 4121 706 4197 fueris,
723 4143 793 4185 mea
808 4119 1065 4204 interpretaberis
1087 4141 1129 4180 ex
1144 4118 1223 4181 cari·

271 4234 345 4282 tate.
391 4220 473 4297 Quia
496 4220 521 4283 si
544 4220 703 4306 loquendo
719 4220 870 4304 insipiens
883 4219 988 4282 factus
1009 4240 1092 4293 sum,
1107 4217 1222 4282 caritas

271 4343 321 4383 me
335 4321 463 4405 coegit·
479 4325 649 4387 Potucram
666 4324 749 4388 enim
766 4319 856 4385 silere
869 4319 926 4404 qui
937 4341 1000 4383 non
1013 4317 1222 4385 conveniebar
