<?xml version="1.0" encoding="UTF-8"?>
<!DOCTYPE html PUBLIC "-//W3C//DTD XHTML 1.0 Transitional//EN"
    "http://www.w3.org/TR/xhtml1/DTD/xhtml1-transitional.dtd">
<html xmlns="http://www.w3.org/1999/xhtml" xml:lang="en" lang="en">
 <head>
  <title>
</title>
<meta http-equiv="Content-Type" content="text/html;charset=utf-8" />
  <meta name='ocr-system' content='tesseract 3.04.00' />
  <meta name='ocr-capabilities' content='ocr_page ocr_carea ocr_par ocr_line ocrx_word'/>
</head>
<body>
  <div class='ocr_page' id='page_1' title='image "./joannissaresber11johngoog_0270.png"; bbox 0 0 3034 5200; ppageno 0'>
   <div class='ocr_carea' id='block_1_1' title="bbox 301 719 1245 797">
    <p class='ocr_par' dir='ltr' id='par_1_1' title="bbox 301 719 1245 797">
     <span class='ocr_line' id='line_1_1' title="bbox 301 719 1245 797; baseline -0.003 -17"><span class='ocrx_word' id='word_1_1' title='bbox 301 719 408 797; x_wconf 88' lang='lat' dir='ltr'>ll7l.]</span> <span class='ocrx_word' id='word_1_2' title='bbox 686 734 865 779; x_wconf 73' lang='lat' dir='ltr'>narsrota.</span> <span class='ocrx_word' id='word_1_3' title='bbox 1187 721 1245 779; x_wconf 71' lang='grc'><strong>’251</strong></span> 
     </span>
    </p>
   </div>
   <div class='ocr_carea' id='block_1_2' title="bbox 297 882 1253 1256">
    <p class='ocr_par' dir='ltr' id='par_1_2' title="bbox 297 882 1253 1256">
     <span class='ocr_line' id='line_1_2' title="bbox 297 882 1252 963; baseline -0.003 -12"><span class='ocrx_word' id='word_1_4' title='bbox 297 887 346 950; x_wconf 87' lang='lat' dir='ltr'>his</span> <span class='ocrx_word' id='word_1_5' title='bbox 368 885 502 951; x_wconf 89' lang='lat' dir='ltr'>sollicito</span> <span class='ocrx_word' id='word_1_6' title='bbox 524 884 656 948; x_wconf 89' lang='lat' dir='ltr'>viriliter</span> <span class='ocrx_word' id='word_1_7' title='bbox 678 893 710 948; x_wconf 90' lang='lat' dir='ltr'>et</span> <span class='ocrx_word' id='word_1_8' title='bbox 733 883 903 947; x_wconf 89' lang='lat' dir='ltr'>efficaciter</span> <span class='ocrx_word' id='word_1_9' title='bbox 925 882 1021 946; x_wconf 92' lang='lat' dir='ltr'>vellet</span> <span class='ocrx_word' id='word_1_10' title='bbox 1042 885 1198 963; x_wconf 77' lang='lat' dir='ltr'>assistere,</span> <span class='ocrx_word' id='word_1_11' title='bbox 1219 895 1252 948; x_wconf 90' lang='lat' dir='ltr'>et</span> 
     </span>
     <span class='ocr_line' id='line_1_3' title="bbox 299 985 1253 1072; baseline -0.001 -22"><span class='ocrx_word' id='word_1_12' title='bbox 299 987 481 1052; x_wconf 85' lang='lat' dir='ltr'>necessariis</span> <span class='ocrx_word' id='word_1_13' title='bbox 504 985 692 1072; x_wconf 87' lang='lat' dir='ltr'>participare</span> <span class='ocrx_word' id='word_1_14' title='bbox 717 985 906 1070; x_wconf 81' lang='lat' dir='ltr'>sumptibus.</span> <span class='ocrx_word' id='word_1_15' title='bbox 966 985 1030 1048; x_wconf 89' lang='lat' dir='ltr'>Sed</span> <span class='ocrx_word' id='word_1_16' title='bbox 1056 985 1164 1049; x_wconf 88' lang='lat' dir='ltr'>nescio</span> <span class='ocrx_word' id='word_1_17' title='bbox 1189 1007 1253 1072; x_wconf 92' lang='lat' dir='ltr'>quo</span> 
     </span>
     <span class='ocr_line' id='line_1_4' title="bbox 298 1086 1251 1176; baseline -0.004 -21"><span class='ocrx_word' id='word_1_18' title='bbox 298 1102 390 1176; x_wconf 91' lang='lat' dir='ltr'>pacto</span> <span class='ocrx_word' id='word_1_19' title='bbox 406 1111 538 1173; x_wconf 89' lang='lat' dir='ltr'>regnare</span> <span class='ocrx_word' id='word_1_20' title='bbox 550 1089 645 1154; x_wconf 83' lang='lat' dir='ltr'>vultis</span> <span class='ocrx_word' id='word_1_21' title='bbox 661 1089 728 1153; x_wconf 90' lang='lat' dir='ltr'>sine</span> <span class='ocrx_word' id='word_1_22' title='bbox 745 1109 842 1152; x_wconf 91' lang='lat' dir='ltr'>onere</span> <span class='ocrx_word' id='word_1_23' title='bbox 858 1100 891 1151; x_wconf 91' lang='lat' dir='ltr'>et</span> <span class='ocrx_word' id='word_1_24' title='bbox 905 1086 1134 1152; x_wconf 88' lang='lat' dir='ltr'>sollicitudine:</span> <span class='ocrx_word' id='word_1_25' title='bbox 1152 1110 1251 1174; x_wconf 89' lang='lat' dir='ltr'>quum</span> 
     </span>
     <span class='ocr_line' id='line_1_5' title="bbox 301 1189 480 1256; baseline -0.017 0"><span class='ocrx_word' id='word_1_26' title='bbox 301 1204 422 1256; x_wconf 90' lang='lat' dir='ltr'>certum</span> <span class='ocrx_word' id='word_1_27' title='bbox 439 1189 480 1254; x_wconf 86' lang='lat' dir='ltr'>sit</span> 
     </span>
    </p>
   </div>
   <div class='ocr_carea' id='block_1_3' title="bbox 439 1306 976 1379">
    <p class='ocr_par' dir='ltr' id='par_1_3' title="bbox 439 1306 976 1379">
     <span class='ocr_line' id='line_1_6' title="bbox 439 1306 976 1379; baseline -0.002 -18"><span class='ocrx_word' id='word_1_28' title='bbox 439 1310 501 1361; x_wconf 90' lang='lat' dir='ltr'>Non</span> <span class='ocrx_word' id='word_1_29' title='bbox 512 1309 563 1360; x_wconf 88' lang='lat' dir='ltr'>nisi</span> <span class='ocrx_word' id='word_1_30' title='bbox 576 1325 693 1378; x_wconf 89' lang='lat' dir='ltr'>supremo</span> <span class='ocrx_word' id='word_1_31' title='bbox 705 1325 801 1374; x_wconf 82' lang='lat' dir='ltr'>magna</span> <span class='ocrx_word' id='word_1_32' title='bbox 812 1306 901 1359; x_wconf 89' lang='lat' dir='ltr'>labore</span> <span class='ocrx_word' id='word_1_33' title='bbox 913 1310 976 1379; x_wconf 90' lang='lat' dir='ltr'>peti.</span> 
     </span>
    </p>
   </div>
   <div class='ocr_carea' id='block_1_4' title="bbox 301 1409 1259 2418">
    <p class='ocr_par' dir='ltr' id='par_1_4' title="bbox 301 1409 1259 2418">
     <span class='ocr_line' id='line_1_7' title="bbox 302 1409 1254 1497; baseline -0.002 -19"><span class='ocrx_word' id='word_1_34' title='bbox 302 1415 340 1478; x_wconf 94' lang='lat' dir='ltr'>In</span> <span class='ocrx_word' id='word_1_35' title='bbox 357 1414 404 1477; x_wconf 90' lang='lat' dir='ltr'>his</span> <span class='ocrx_word' id='word_1_36' title='bbox 427 1424 534 1477; x_wconf 90' lang='lat' dir='ltr'>autem</span> <span class='ocrx_word' id='word_1_37' title='bbox 558 1421 690 1476; x_wconf 90' lang='lat' dir='ltr'>eatenus</span> <span class='ocrx_word' id='word_1_38' title='bbox 708 1410 776 1493; x_wconf 92' lang='lat' dir='ltr'>jam</span> <span class='ocrx_word' id='word_1_39' title='bbox 799 1409 934 1496; x_wconf 78' lang='lat' dir='ltr'>profecit</span> <span class='ocrx_word' id='word_1_40' title='bbox 954 1433 1010 1497; x_wconf 90' lang='lat' dir='ltr'>per</span> <span class='ocrx_word' id='word_1_41' title='bbox 1035 1411 1097 1476; x_wconf 89' lang='lat' dir='ltr'>Dei</span> <span class='ocrx_word' id='word_1_42' title='bbox 1119 1411 1254 1497; x_wconf 85' lang='lat' dir='ltr'>gratiam</span> 
     </span>
     <span class='ocr_line' id='line_1_8' title="bbox 301 1512 1256 1599; baseline -0.002 -19"><span class='ocrx_word' id='word_1_43' title='bbox 301 1515 457 1580; x_wconf 89' lang='lat' dir='ltr'>industria</span> <span class='ocrx_word' id='word_1_44' title='bbox 480 1513 627 1598; x_wconf 86' lang='lat' dir='ltr'>pauperis</span> <span class='ocrx_word' id='word_1_45' title='bbox 649 1525 680 1576; x_wconf 90' lang='lat' dir='ltr'>et</span> <span class='ocrx_word' id='word_1_46' title='bbox 703 1512 869 1599; x_wconf 82' lang='lat' dir='ltr'>proscripti</span> <span class='ocrx_word' id='word_1_47' title='bbox 890 1524 926 1577; x_wconf 90' lang='lat' dir='ltr'>ut</span> <span class='ocrx_word' id='word_1_48' title='bbox 949 1512 980 1575; x_wconf 92' lang='lat' dir='ltr'>in</span> <span class='ocrx_word' id='word_1_49' title='bbox 1005 1513 1053 1577; x_wconf 86' lang='lat' dir='ltr'>his</span> <span class='ocrx_word' id='word_1_50' title='bbox 1077 1515 1256 1578; x_wconf 89' lang='lat' dir='ltr'>emerendis</span> 
     </span>
     <span class='ocr_line' id='line_1_9' title="bbox 301 1614 1257 1689; baseline -0.001 -8"><span class='ocrx_word' id='word_1_51' title='bbox 301 1617 366 1681; x_wconf 91' lang='lat' dir='ltr'>duo</span> <span class='ocrx_word' id='word_1_52' title='bbox 396 1614 497 1678; x_wconf 89' lang='lat' dir='ltr'>millia</span> <span class='ocrx_word' id='word_1_53' title='bbox 525 1635 702 1677; x_wconf 88' lang='lat' dir='ltr'>marcarum</span> <span class='ocrx_word' id='word_1_54' title='bbox 733 1623 965 1677; x_wconf 86' lang='lat' dir='ltr'>antecessorem</span> <span class='ocrx_word' id='word_1_55' title='bbox 996 1636 1100 1689; x_wconf 86' lang='lat' dir='ltr'>sunm,</span> <span class='ocrx_word' id='word_1_56' title='bbox 1126 1615 1151 1679; x_wconf 90' lang='lat' dir='ltr'>si</span> <span class='ocrx_word' id='word_1_57' title='bbox 1181 1615 1257 1680; x_wconf 88' lang='lat' dir='ltr'>data</span> 
     </span>
     <span class='ocr_line' id='line_1_10' title="bbox 302 1713 1256 1800; baseline -0.002 -18"><span class='ocrx_word' id='word_1_58' title='bbox 302 1728 384 1782; x_wconf 87' lang='lat' dir='ltr'>esset</span> <span class='ocrx_word' id='word_1_59' title='bbox 400 1715 532 1793; x_wconf 86' lang='lat' dir='ltr'>occasio,</span> <span class='ocrx_word' id='word_1_60' title='bbox 549 1736 761 1800; x_wconf 84' lang='lat' dir='ltr'>expensurum</span> <span class='ocrx_word' id='word_1_61' title='bbox 778 1713 873 1778; x_wconf 91' lang='lat' dir='ltr'>fuisse</span> <span class='ocrx_word' id='word_1_62' title='bbox 894 1737 957 1778; x_wconf 91' lang='lat' dir='ltr'>non</span> <span class='ocrx_word' id='word_1_63' title='bbox 973 1715 1129 1780; x_wconf 85' lang='lat' dir='ltr'>dubitem.</span> <span class='ocrx_word' id='word_1_64' title='bbox 1167 1716 1256 1780; x_wconf 91' lang='lat' dir='ltr'>Dici-</span> 
     </span>
     <span class='ocr_line' id='line_1_11' title="bbox 301 1817 1257 1906; baseline -0.001 -21"><span class='ocrx_word' id='word_1_65' title='bbox 301 1835 353 1885; x_wconf 88' lang='lat' dir='ltr'>tur</span> <span class='ocrx_word' id='word_1_66' title='bbox 368 1820 453 1906; x_wconf 92' lang='lat' dir='ltr'>quod</span> <span class='ocrx_word' id='word_1_67' title='bbox 476 1817 668 1882; x_wconf 91' lang='lat' dir='ltr'>candelabra</span> <span class='ocrx_word' id='word_1_68' title='bbox 687 1817 849 1881; x_wconf 84' lang='lat' dir='ltr'>alienastis</span> <span class='ocrx_word' id='word_1_69' title='bbox 864 1818 897 1880; x_wconf 90' lang='lat' dir='ltr'>in</span> <span class='ocrx_word' id='word_1_70' title='bbox 915 1840 989 1882; x_wconf 89' lang='lat' dir='ltr'>usus</span> <span class='ocrx_word' id='word_1_71' title='bbox 1006 1841 1110 1895; x_wconf 88' lang='lat' dir='ltr'>vanos,</span> <span class='ocrx_word' id='word_1_72' title='bbox 1126 1819 1257 1884; x_wconf 88' lang='lat' dir='ltr'>fortasse</span> 
     </span>
     <span class='ocr_line' id='line_1_12' title="bbox 303 1919 1257 2004; baseline -0.001 -17"><span class='ocrx_word' id='word_1_73' title='bbox 303 1946 366 1987; x_wconf 90' lang='lat' dir='ltr'>non</span> <span class='ocrx_word' id='word_1_74' title='bbox 388 1922 455 1987; x_wconf 91' lang='lat' dir='ltr'>sine</span> <span class='ocrx_word' id='word_1_75' title='bbox 475 1920 668 1986; x_wconf 89' lang='lat' dir='ltr'>conscientia</span> <span class='ocrx_word' id='word_1_76' title='bbox 691 1919 866 2004; x_wconf 87' lang='lat' dir='ltr'>sacrilegii:</span> <span class='ocrx_word' id='word_1_77' title='bbox 890 1931 923 1984; x_wconf 91' lang='lat' dir='ltr'>et</span> <span class='ocrx_word' id='word_1_78' title='bbox 937 1921 1018 1984; x_wconf 89' lang='lat' dir='ltr'>adeo</span> <span class='ocrx_word' id='word_1_79' title='bbox 1039 1933 1168 1985; x_wconf 90' lang='lat' dir='ltr'>tenaces</span> <span class='ocrx_word' id='word_1_80' title='bbox 1182 1921 1257 1987; x_wconf 90' lang='lat' dir='ltr'>estis</span> 
     </span>
     <span class='ocr_line' id='line_1_13' title="bbox 302 2020 1257 2089; baseline 0 -1"><span class='ocrx_word' id='word_1_81' title='bbox 302 2025 334 2088; x_wconf 92' lang='lat' dir='ltr'>in</span> <span class='ocrx_word' id='word_1_82' title='bbox 358 2025 502 2089; x_wconf 87' lang='lat' dir='ltr'>ecclesiae</span> <span class='ocrx_word' id='word_1_83' title='bbox 522 2021 763 2087; x_wconf 86' lang='lat' dir='ltr'>necessitatibus</span> <span class='ocrx_word' id='word_1_84' title='bbox 785 2032 819 2086; x_wconf 90' lang='lat' dir='ltr'>et</span> <span class='ocrx_word' id='word_1_85' title='bbox 840 2020 1012 2086; x_wconf 88' lang='lat' dir='ltr'>honoribus</span> <span class='ocrx_word' id='word_1_86' title='bbox 1039 2022 1257 2089; x_wconf 87' lang='lat' dir='ltr'>reformandis.</span> 
     </span>
     <span class='ocr_line' id='line_1_14' title="bbox 304 2122 1258 2192; baseline -0.003 0"><span class='ocrx_word' id='word_1_87' title='bbox 304 2127 397 2192; x_wconf 90' lang='lat' dir='ltr'>Circa</span> <span class='ocrx_word' id='word_1_88' title='bbox 412 2127 472 2190; x_wconf 90' lang='lat' dir='ltr'>hoc</span> <span class='ocrx_word' id='word_1_89' title='bbox 487 2124 621 2190; x_wconf 89' lang='lat' dir='ltr'>sollicita</span> <span class='ocrx_word' id='word_1_90' title='bbox 632 2124 744 2187; x_wconf 91' lang='lat' dir='ltr'>fratres</span> <span class='ocrx_word' id='word_1_91' title='bbox 759 2135 849 2187; x_wconf 89' lang='lat' dir='ltr'>tuos:</span> <span class='ocrx_word' id='word_1_92' title='bbox 874 2135 906 2186; x_wconf 91' lang='lat' dir='ltr'>et</span> <span class='ocrx_word' id='word_1_93' title='bbox 921 2122 946 2186; x_wconf 87' lang='lat' dir='ltr'>si</span> <span class='ocrx_word' id='word_1_94' title='bbox 962 2123 1008 2186; x_wconf 93' lang='lat' dir='ltr'>illi</span> <span class='ocrx_word' id='word_1_95' title='bbox 1024 2124 1258 2189; x_wconf 90' lang='lat' dir='ltr'>contemnendo</span> 
     </span>
     <span class='ocr_line' id='line_1_15' title="bbox 302 2225 1258 2316; baseline -0.002 -21"><span class='ocrx_word' id='word_1_96' title='bbox 302 2230 473 2316; x_wconf 88' lang='lat' dir='ltr'>desipiunt,</span> <span class='ocrx_word' id='word_1_97' title='bbox 501 2242 536 2293; x_wconf 90' lang='lat' dir='ltr'>tu</span> <span class='ocrx_word' id='word_1_98' title='bbox 562 2226 706 2292; x_wconf 77' lang='lat' dir='ltr'>ecclesiae</span> <span class='ocrx_word' id='word_1_99' title='bbox 732 2237 766 2290; x_wconf 90' lang='lat' dir='ltr'>et</span> <span class='ocrx_word' id='word_1_100' title='bbox 790 2225 849 2289; x_wconf 90' lang='lat' dir='ltr'>tibi</span> <span class='ocrx_word' id='word_1_101' title='bbox 876 2225 1041 2311; x_wconf 84' lang='lat' dir='ltr'>providere</span> <span class='ocrx_word' id='word_1_102' title='bbox 1064 2227 1258 2294; x_wconf 85' lang='lat' dir='ltr'>memineris.</span> 
     </span>
     <span class='ocr_line' id='line_1_16' title="bbox 305 2327 1259 2418; baseline -0.002 -21"><span class='ocrx_word' id='word_1_103' title='bbox 305 2333 340 2397; x_wconf 78' lang='lat' dir='ltr'>Si</span> <span class='ocrx_word' id='word_1_104' title='bbox 356 2333 522 2418; x_wconf 85' lang='lat' dir='ltr'>episcopus</span> <span class='ocrx_word' id='word_1_105' title='bbox 539 2327 773 2393; x_wconf 90' lang='lat' dir='ltr'>Londoniensis</span> <span class='ocrx_word' id='word_1_106' title='bbox 794 2328 854 2392; x_wconf 85' lang='lat' dir='ltr'>iter</span> <span class='ocrx_word' id='word_1_107' title='bbox 875 2328 1043 2414; x_wconf 85' lang='lat' dir='ltr'>arripuerit</span> <span class='ocrx_word' id='word_1_108' title='bbox 1064 2331 1105 2393; x_wconf 89' lang='lat' dir='ltr'>ad</span> <span class='ocrx_word' id='word_1_109' title='bbox 1128 2333 1259 2410; x_wconf 89' lang='lat' dir='ltr'>curiam,</span> 
     </span>
    </p>
   </div>
   <div class='ocr_carea' id='block_1_5' title="bbox 305 2532 1259 2705">
    <p class='ocr_par' dir='ltr' id='par_1_5' title="bbox 305 2532 1259 2705">
     <span class='ocr_line' id='line_1_17' title="bbox 305 2532 1259 2620; baseline 0 -18"><span class='ocrx_word' id='word_1_110' title='bbox 305 2536 497 2602; x_wconf 89' lang='lat' dir='ltr'>sufficienter</span> <span class='ocrx_word' id='word_1_111' title='bbox 512 2533 719 2612; x_wconf 86' lang='lat' dir='ltr'>instruantur,</span> <span class='ocrx_word' id='word_1_112' title='bbox 735 2532 764 2597; x_wconf 91' lang='lat' dir='ltr'>ei</span> <span class='ocrx_word' id='word_1_113' title='bbox 780 2555 880 2620; x_wconf 87' lang='lat' dir='ltr'>quum</span> <span class='ocrx_word' id='word_1_114' title='bbox 897 2535 999 2600; x_wconf 90' lang='lat' dir='ltr'>vocati</span> <span class='ocrx_word' id='word_1_115' title='bbox 1015 2534 1133 2600; x_wconf 89' lang='lat' dir='ltr'>suerint</span> <span class='ocrx_word' id='word_1_116' title='bbox 1148 2558 1259 2602; x_wconf 88' lang='lat' dir='ltr'>occur·</span> 
     </span>
     <span class='ocr_line' id='line_1_18' title="bbox 306 2661 379 2705; baseline 0.027 -2"><span class='ocrx_word' id='word_1_117' title='bbox 306 2661 379 2705; x_wconf 86' lang='lat' dir='ltr'>surr.</span> 
     </span>
    </p>
   </div>
   <div class='ocr_carea' id='block_1_6' title="bbox 327 2836 1237 3020">
    <p class='ocr_par' dir='ltr' id='par_1_6' title="bbox 327 2836 1237 3020">
     <span class='ocr_line' id='line_1_19' title="bbox 327 2836 1237 2903; baseline 0 -2"><span class='ocrx_word' id='word_1_118' title='bbox 327 2838 549 2903; x_wconf 85' lang='lat' dir='ltr'><strong>EPISTOLA</strong></span> <span class='ocrx_word' id='word_1_119' title='bbox 573 2836 808 2901; x_wconf 71' lang='lat' dir='ltr'>coctu-m</span> <span class='ocrx_word' id='word_1_120' title='bbox 821 2858 977 2901; x_wconf 80' lang='lat' dir='ltr'>roannnu</span> <span class='ocrx_word' id='word_1_121' title='bbox 997 2855 1237 2901; x_wconf 70' lang='lat' dir='ltr'>moranensem</span> 
     </span>
     <span class='ocr_line' id='line_1_20' title="bbox 541 2937 999 3020; baseline 0.002 -19"><span class='ocrx_word' id='word_1_122' title='bbox 541 2957 741 3002; x_wconf 78' lang='lat' dir='ltr'>nmscoeun.</span> <span class='ocrx_word' id='word_1_123' title='bbox 781 2939 824 3017; x_wconf 81' lang='lat' dir='ltr'>[A.</span> <span class='ocrx_word' id='word_1_124' title='bbox 841 2960 872 3002; x_wconf 89' lang='lat' dir='ltr'>n.</span> <span class='ocrx_word' id='word_1_125' title='bbox 893 2937 999 3020; x_wconf 86' lang='lat' dir='ltr'>ll7l.]</span> 
     </span>
    </p>
   </div>
   <div class='ocr_carea' id='block_1_7' title="bbox 496 3088 1062 3173">
    <p class='ocr_par' dir='ltr' id='par_1_7' title="bbox 496 3088 1062 3173">
     <span class='ocr_line' id='line_1_21' title="bbox 496 3088 1062 3173; baseline 0.002 -23"><span class='ocrx_word' id='word_1_126' title='bbox 496 3088 581 3150; x_wconf 84' lang='lat' dir='ltr'>Idem</span> <span class='ocrx_word' id='word_1_127' title='bbox 596 3088 709 3149; x_wconf 83' lang='lat' dir='ltr'>Joenni</span> <span class='ocrx_word' id='word_1_128' title='bbox 723 3089 910 3150; x_wconf 82' lang='lat' dir='ltr'>Pictaviensi</span> <span class='ocrx_word' id='word_1_129' title='bbox 923 3092 1062 3173; x_wconf 81' lang='lat' dir='ltr'>episcope.</span> 
     </span>
    </p>
   </div>
   <div class='ocr_carea' id='block_1_8' title="bbox 306 3218 1262 4433">
    <p class='ocr_par' dir='ltr' id='par_1_8' title="bbox 306 3218 1262 4433">
     <span class='ocr_line' id='line_1_22' title="bbox 349 3218 1259 3309; baseline 0.001 -24"><span class='ocrx_word' id='word_1_130' title='bbox 349 3224 405 3285; x_wconf 84' lang='lat' dir='ltr'>Ex</span> <span class='ocrx_word' id='word_1_131' title='bbox 417 3218 577 3304; x_wconf 88' lang='lat' dir='ltr'>insperato</span> <span class='ocrx_word' id='word_1_132' title='bbox 593 3232 626 3283; x_wconf 90' lang='lat' dir='ltr'>et</span> <span class='ocrx_word' id='word_1_133' title='bbox 640 3218 673 3282; x_wconf 91' lang='lat' dir='ltr'>in</span> <span class='ocrx_word' id='word_1_134' title='bbox 697 3220 831 3285; x_wconf 89' lang='lat' dir='ltr'>transitu</span> <span class='ocrx_word' id='word_1_135' title='bbox 853 3221 933 3285; x_wconf 93' lang='lat' dir='ltr'>mihi</span> <span class='ocrx_word' id='word_1_136' title='bbox 947 3220 1049 3305; x_wconf 89' lang='lat' dir='ltr'>gratia</span> <span class='ocrx_word' id='word_1_137' title='bbox 1072 3221 1136 3285; x_wconf 93' lang='lat' dir='ltr'>Dei</span> <span class='ocrx_word' id='word_1_138' title='bbox 1153 3221 1259 3309; x_wconf 90' lang='lat' dir='ltr'>propi·</span> 
     </span>
     <span class='ocr_line' id='line_1_23' title="bbox 307 3321 1262 3410; baseline 0.005 -26"><span class='ocrx_word' id='word_1_139' title='bbox 307 3321 418 3397; x_wconf 91' lang='lat' dir='ltr'>tiante‚</span> <span class='ocrx_word' id='word_1_140' title='bbox 433 3343 536 3406; x_wconf 89' lang='lat' dir='ltr'>nuper</span> <span class='ocrx_word' id='word_1_141' title='bbox 551 3321 699 3399; x_wconf 89' lang='lat' dir='ltr'>innotuit,</span> <span class='ocrx_word' id='word_1_142' title='bbox 716 3323 802 3409; x_wconf 92' lang='lat' dir='ltr'>quod</span> <span class='ocrx_word' id='word_1_143' title='bbox 822 3323 932 3389; x_wconf 83' lang='lat' dir='ltr'>advos</span> <span class='ocrx_word' id='word_1_144' title='bbox 947 3335 1015 3387; x_wconf 89' lang='lat' dir='ltr'>erat</span> <span class='ocrx_word' id='word_1_145' title='bbox 1029 3323 1110 3388; x_wconf 89' lang='lat' dir='ltr'>lator</span> <span class='ocrx_word' id='word_1_146' title='bbox 1124 3347 1262 3410; x_wconf 88' lang='lat' dir='ltr'>praesen-</span> 
     </span>
     <span class='ocr_line' id='line_1_24' title="bbox 306 3422 1260 3510; baseline 0.006 -24"><span class='ocrx_word' id='word_1_147' title='bbox 306 3422 385 3486; x_wconf 89' lang='lat' dir='ltr'>tium</span> <span class='ocrx_word' id='word_1_148' title='bbox 404 3422 601 3487; x_wconf 89' lang='lat' dir='ltr'>transiturus.</span> <span class='ocrx_word' id='word_1_149' title='bbox 641 3424 777 3488; x_wconf 86' lang='lat' dir='ltr'>Gavisus</span> <span class='ocrx_word' id='word_1_150' title='bbox 793 3447 869 3510; x_wconf 88' lang='lat' dir='ltr'>ergo</span> <span class='ocrx_word' id='word_1_151' title='bbox 884 3424 1036 3490; x_wconf 90' lang='lat' dir='ltr'>divinitus</span> <span class='ocrx_word' id='word_1_152' title='bbox 1049 3426 1260 3492; x_wconf 89' lang='lat' dir='ltr'>ministratam</span> 
     </span>
     <span class='ocr_line' id='line_1_25' title="bbox 307 3526 1262 3612; baseline 0.002 -22"><span class='ocrx_word' id='word_1_153' title='bbox 307 3526 504 3591; x_wconf 89' lang='lat' dir='ltr'>occasionem</span> <span class='ocrx_word' id='word_1_154' title='bbox 520 3527 679 3591; x_wconf 89' lang='lat' dir='ltr'>scribendi</span> <span class='ocrx_word' id='word_1_155' title='bbox 699 3528 740 3591; x_wconf 86' lang='lat' dir='ltr'>ad</span> <span class='ocrx_word' id='word_1_156' title='bbox 761 3527 899 3592; x_wconf 89' lang='lat' dir='ltr'>amicum</span> <span class='ocrx_word' id='word_1_157' title='bbox 920 3551 992 3593; x_wconf 89' lang='lat' dir='ltr'>eam</span> <span class='ocrx_word' id='word_1_158' title='bbox 1006 3540 1170 3612; x_wconf 81' lang='lat' dir='ltr'>gratanter</span> <span class='ocrx_word' id='word_1_159' title='bbox 1184 3529 1262 3592; x_wconf 88' lang='lat' dir='ltr'>arri·</span> 
     </span>
     <span class='ocr_line' id='line_1_26' title="bbox 307 3628 1261 3716; baseline -0.001 -22"><span class='ocrx_word' id='word_1_160' title='bbox 307 3628 373 3716; x_wconf 86' lang='lat' dir='ltr'>pui,</span> <span class='ocrx_word' id='word_1_161' title='bbox 388 3628 559 3695; x_wconf 89' lang='lat' dir='ltr'>arbitratus</span> <span class='ocrx_word' id='word_1_162' title='bbox 581 3629 660 3695; x_wconf 91' lang='lat' dir='ltr'>mihi</span> <span class='ocrx_word' id='word_1_163' title='bbox 683 3632 789 3715; x_wconf 85' lang='lat' dir='ltr'>longae</span> <span class='ocrx_word' id='word_1_164' title='bbox 812 3630 1001 3695; x_wconf 88' lang='lat' dir='ltr'>calamitatis</span> <span class='ocrx_word' id='word_1_165' title='bbox 1023 3650 1176 3712; x_wconf 88' lang='lat' dir='ltr'>magnum</span> <span class='ocrx_word' id='word_1_166' title='bbox 1192 3629 1261 3693; x_wconf 89' lang='lat' dir='ltr'>dari</span> 
     </span>
     <span class='ocr_line' id='line_1_27' title="bbox 307 3730 1261 3818; baseline 0.001 -23"><span class='ocrx_word' id='word_1_167' title='bbox 307 3732 465 3812; x_wconf 87' lang='lat' dir='ltr'>solatium,</span> <span class='ocrx_word' id='word_1_168' title='bbox 489 3731 575 3818; x_wconf 93' lang='lat' dir='ltr'>quod</span> <span class='ocrx_word' id='word_1_169' title='bbox 597 3732 629 3795; x_wconf 94' lang='lat' dir='ltr'>in</span> <span class='ocrx_word' id='word_1_170' title='bbox 654 3732 730 3809; x_wconf 86' lang='lat' dir='ltr'>tutis</span> <span class='ocrx_word' id='word_1_171' title='bbox 754 3733 885 3797; x_wconf 85' lang='lat' dir='ltr'>auribus</span> <span class='ocrx_word' id='word_1_172' title='bbox 905 3730 1023 3795; x_wconf 92' lang='lat' dir='ltr'>licebat</span> <span class='ocrx_word' id='word_1_173' title='bbox 1044 3731 1261 3815; x_wconf 85' lang='lat' dir='ltr'>angustiarum</span> 
     </span>
     <span class='ocr_line' id='line_1_28' title="bbox 308 3832 1262 3920; baseline 0.002 -23"><span class='ocrx_word' id='word_1_174' title='bbox 308 3834 471 3897; x_wconf 91' lang='lat' dir='ltr'>cumulum</span> <span class='ocrx_word' id='word_1_175' title='bbox 489 3834 664 3920; x_wconf 87' lang='lat' dir='ltr'>deplorare.</span> <span class='ocrx_word' id='word_1_176' title='bbox 712 3836 778 3899; x_wconf 88' lang='lat' dir='ltr'>Sed</span> <span class='ocrx_word' id='word_1_177' title='bbox 799 3835 885 3899; x_wconf 89' lang='lat' dir='ltr'>unde</span> <span class='ocrx_word' id='word_1_178' title='bbox 908 3844 1053 3899; x_wconf 89' lang='lat' dir='ltr'>sumetur</span> <span class='ocrx_word' id='word_1_179' title='bbox 1072 3832 1262 3899; x_wconf 87' lang='lat' dir='ltr'>exordium?</span> 
     </span>
     <span class='ocr_line' id='line_1_29' title="bbox 311 3935 1262 4022; baseline 0.002 -23"><span class='ocrx_word' id='word_1_180' title='bbox 311 3936 396 3999; x_wconf 86' lang='lat' dir='ltr'>Nam</span> <span class='ocrx_word' id='word_1_181' title='bbox 420 3935 547 4000; x_wconf 90' lang='lat' dir='ltr'>dicendi</span> <span class='ocrx_word' id='word_1_182' title='bbox 572 3935 654 4020; x_wconf 90' lang='lat' dir='ltr'>parit</span> <span class='ocrx_word' id='word_1_183' title='bbox 680 3936 819 4022; x_wconf 90' lang='lat' dir='ltr'>inopiam</span> <span class='ocrx_word' id='word_1_184' title='bbox 847 3936 981 4002; x_wconf 88' lang='lat' dir='ltr'>materia</span> <span class='ocrx_word' id='word_1_185' title='bbox 1003 3936 1130 4022; x_wconf 90' lang='lat' dir='ltr'>copiosa</span> <span class='ocrx_word' id='word_1_186' title='bbox 1151 3947 1184 4001; x_wconf 90' lang='lat' dir='ltr'>et</span> <span class='ocrx_word' id='word_1_187' title='bbox 1206 3959 1262 4001; x_wconf 88' lang='lat' dir='ltr'>ex·</span> 
     </span>
     <span class='ocr_line' id='line_1_30' title="bbox 309 4037 1261 4126; baseline 0.002 -25"><span class='ocrx_word' id='word_1_188' title='bbox 309 4039 455 4114; x_wconf 85' lang='lat' dir='ltr'>uberans,</span> <span class='ocrx_word' id='word_1_189' title='bbox 472 4050 592 4124; x_wconf 87' lang='lat' dir='ltr'>atquae</span> <span class='ocrx_word' id='word_1_190' title='bbox 608 4060 683 4120; x_wconf 85' lang='lat' dir='ltr'>non,</span> <span class='ocrx_word' id='word_1_191' title='bbox 698 4039 757 4103; x_wconf 86' lang='lat' dir='ltr'>nisi</span> <span class='ocrx_word' id='word_1_192' title='bbox 781 4052 924 4126; x_wconf 88' lang='lat' dir='ltr'>ternpore</span> <span class='ocrx_word' id='word_1_193' title='bbox 940 4051 1047 4105; x_wconf 87' lang='lat' dir='ltr'>nostro</span> <span class='ocrx_word' id='word_1_194' title='bbox 1069 4037 1191 4102; x_wconf 89' lang='lat' dir='ltr'>malitia</span> <span class='ocrx_word' id='word_1_195' title='bbox 1205 4060 1261 4103; x_wconf 83' lang='lat' dir='ltr'>ex·</span> 
     </span>
     <span class='ocr_line' id='line_1_31' title="bbox 312 4137 1261 4219; baseline 0.005 -19"><span class='ocrx_word' id='word_1_196' title='bbox 312 4137 460 4201; x_wconf 86' lang='lat' dir='ltr'>crevisset</span> <span class='ocrx_word' id='word_1_197' title='bbox 480 4139 521 4202; x_wconf 86' lang='lat' dir='ltr'>ad</span> <span class='ocrx_word' id='word_1_198' title='bbox 543 4161 716 4219; x_wconf 88' lang='lat' dir='ltr'>summurn,</span> <span class='ocrx_word' id='word_1_199' title='bbox 733 4142 830 4205; x_wconf 87' lang='lat' dir='ltr'>fidem</span> <span class='ocrx_word' id='word_1_200' title='bbox 854 4143 988 4209; x_wconf 81' lang='lat' dir='ltr'>excedit.</span> <span class='ocrx_word' id='word_1_201' title='bbox 1035 4140 1184 4206; x_wconf 84' lang='lat' dir='ltr'>Publicos</span> <span class='ocrx_word' id='word_1_202' title='bbox 1205 4162 1261 4205; x_wconf 89' lang='lat' dir='ltr'>an·</span> 
     </span>
     <span class='ocr_line' id='line_1_32' title="bbox 310 4240 1261 4330; baseline 0.007 -28"><span class='ocrx_word' id='word_1_203' title='bbox 310 4240 429 4323; x_wconf 85' lang='lat' dir='ltr'>gustias</span> <span class='ocrx_word' id='word_1_204' title='bbox 440 4260 480 4302; x_wconf 90' lang='lat' dir='ltr'>an</span> <span class='ocrx_word' id='word_1_205' title='bbox 492 4240 679 4308; x_wconf 86' lang='lat' dir='ltr'>domesticas</span> <span class='ocrx_word' id='word_1_206' title='bbox 694 4243 887 4330; x_wconf 79' lang='lat' dir='ltr'>deplorabo?</span> <span class='ocrx_word' id='word_1_207' title='bbox 911 4246 976 4310; x_wconf 86' lang='lat' dir='ltr'>Sed</span> <span class='ocrx_word' id='word_1_208' title='bbox 990 4244 1154 4330; x_wconf 86' lang='lat' dir='ltr'>generales</span> <span class='ocrx_word' id='word_1_209' title='bbox 1169 4265 1261 4309; x_wconf 90' lang='lat' dir='ltr'>mun-</span> 
     </span>
     <span class='ocr_line' id='line_1_33' title="bbox 312 4340 1262 4433; baseline 0.012 -30"><span class='ocrx_word' id='word_1_210' title='bbox 312 4340 371 4404; x_wconf 91' lang='lat' dir='ltr'>dus</span> <span class='ocrx_word' id='word_1_211' title='bbox 393 4341 530 4423; x_wconf 88' lang='lat' dir='ltr'>agnovit.</span> <span class='ocrx_word' id='word_1_212' title='bbox 579 4344 643 4409; x_wconf 85' lang='lat' dir='ltr'>Sua</span> <span class='ocrx_word' id='word_1_213' title='bbox 666 4367 826 4432; x_wconf 88' lang='lat' dir='ltr'>quemque</span> <span class='ocrx_word' id='word_1_214' title='bbox 850 4347 976 4413; x_wconf 89' lang='lat' dir='ltr'>miseria</span> <span class='ocrx_word' id='word_1_215' title='bbox 997 4346 1118 4433; x_wconf 89' lang='lat' dir='ltr'>perurit</span> <span class='ocrx_word' id='word_1_216' title='bbox 1140 4344 1262 4415; x_wconf 86' lang='lat' dir='ltr'>acrius:</span> 
     </span>
    </p>
   </div>
   <div class='ocr_carea' id='block_1_9' title="bbox 0 0 1537 5200">
    <p class='ocr_par' dir='ltr' id='par_1_9' title="bbox 0 0 1537 5200">
     <span class='ocr_line' id='line_1_34' title="bbox 0 0 1537 5200; baseline 0 0"><span class='ocrx_word' id='word_1_217' title='bbox 0 0 1537 5200; x_wconf 95' lang='lat' dir='ltr'> </span> 
     </span>
    </p>
   </div>
  </div>
 </body>
</html>
