3034 5200
313 690 374 747 272
570 700 704 745 soranus
720 696 998 743 senosanarnusrs
1172 677 1218 752 [A.
1235 694 1267 737 o.

313 865 432 916 tunsam
449 873 515 915 esse
532 872 592 913 uon
610 860 746 935 reputet.
794 853 917 913 Matres
941 858 973 909 et
989 843 1160 908 earundem
1184 840 1266 906 filias

310 952 442 1017 incestat
457 951 593 1038 pariter:
623 973 678 1014 uec
694 953 788 1013 timet
803 962 859 1013 aut
874 947 1034 1012 erubescit
1049 944 1154 1030 palam
1170 956 1267 1008 teme·

309 1075 378 1117 rare
389 1054 561 1139 conjugum
574 1052 788 1117 sanctitatem:
808 1047 1024 1114 fornicationis
1032 1047 1166 1112 abusum
1179 1068 1264 1109 com·

307 1167 399 1239 parat
422 1154 610 1218 necessitati.
655 1153 851 1218 Proletarius
873 1165 921 1217 est
940 1150 1019 1214 adeo
1043 1148 1130 1235 quod
1153 1148 1263 1235 paucis

306 1257 396 1320 annis
421 1257 450 1320 ei
477 1255 600 1321 soboles
631 1267 720 1319 tanta
749 1253 917 1329 succrevit,
944 1265 980 1317 ut
1012 1250 1262 1337 patriarcharum

306 1358 415 1422 seriem
431 1357 607 1423 antecedat.
653 1360 741 1421 luter
764 1368 932 1420 assertores
955 1350 1166 1437 turpitudinis
1180 1351 1259 1437 ejus,

304 1482 442 1544 quorum
464 1459 602 1522 maxima
624 1470 691 1521 erat
707 1457 809 1543 copia,
825 1454 1078 1542 religiosissimus
1091 1453 1259 1538 presbyter

303 1560 343 1624 de
359 1562 451 1647 cujus
467 1560 645 1624 sinceritate
660 1581 752 1621 nemo
774 1557 914 1632 dubitat,
931 1556 1024 1626 nobis
1043 1554 1154 1618 retulit
1170 1553 1258 1639 quod

301 1659 333 1724 in
361 1685 425 1725 una
450 1662 608 1726 duntaxat
634 1659 709 1724 villa
732 1672 764 1724 et
787 1658 972 1745 adjacentiis
998 1655 1068 1740 ejus
1094 1679 1125 1720 x.
1150 1669 1178 1720 et
1203 1655 1257 1720 vii.

300 1762 410 1847 genuit
430 1763 563 1849 spurios.
596 1764 681 1838 Quot
698 1761 729 1824 in
746 1760 814 1825 aliis
829 1759 977 1823 effuderit
994 1758 1111 1822 referre
1125 1756 1255 1841 longum

300 1876 359 1940 est,
375 1875 407 1928 et
422 1864 584 1929 indicibile
604 1862 705 1927 nobis.
752 1863 809 1938 Et,
826 1873 862 1926 ut
879 1860 919 1924 ab
940 1859 1140 1946 expressione
1159 1858 1257 1944 hujus

298 1967 511 2033 immunditiae
533 1967 726 2053 quandoque
748 1963 858 2049 lingua
880 1978 988 2030 nostra
1007 1963 1146 2038 recedat,
1166 1962 1256 2027 novit

299 2068 392 2132 Deus
414 2082 445 2133 et
469 2070 601 2154 spiritus
623 2069 703 2154 ejus,
727 2067 785 2153 qui
808 2067 920 2131 animae
947 2079 1063 2130 nostrae
1089 2065 1253 2151 praesidet,

297 2170 385 2255 quod
410 2181 458 2233 tot
481 2169 648 2254 spurcitias
669 2169 701 2232 in
724 2169 851 2232 homine
874 2169 1036 2254 religionis
1058 2190 1171 2230 nomen
1195 2179 1251 2230 aut

296 2269 441 2334 habitum
459 2268 645 2356 praeferente
657 2292 831 2357 numquam
849 2270 1040 2346 audivimus,
1053 2292 1110 2332 nec
1125 2281 1249 2334 tantum

297 2371 449 2436 sensimus
468 2394 594 2435 manare
615 2371 773 2436 foetorem.
819 2373 924 2436 Totus
946 2384 1120 2437 conventus
1142 2370 1253 2434 unani-

295 2472 390 2536 miter
400 2474 504 2538 stabat
516 2473 666 2538 adversus
677 2497 762 2549 eum,
773 2487 805 2539 et
816 2473 920 2538 clerus
931 2488 963 2537 et
975 2473 1115 2558 populus
1126 2471 1250 2559 patriae.

296 2573 384 2650 Quia
405 2600 481 2662 ergo
505 2589 650 2664 patenter
672 2578 869 2643 advertimus
891 2576 979 2664 quod
1003 2579 1070 2641 sine
1091 2577 1250 2642 amotione

294 2678 363 2763 ejus
376 2701 424 2742 res
438 2678 598 2743 emendari
609 2702 671 2743 non
687 2691 825 2764 poterat,
835 2693 867 2743 et
880 2702 937 2743 nos
948 2691 1054 2743 vestro
1065 2679 1249 2743 artabamur

293 2780 453 2857 mandato,
472 2780 527 2866 qui
543 2782 764 2866 praeceperatis
786 2794 822 2846 ut
838 2805 910 2847 eum
932 2781 969 2861 tsi
985 2780 1030 2846 ita
1045 2782 1141 2863 esset)
1164 2785 1249 2846 omni

292 2881 452 2944 occasione
467 2894 497 2945 et
514 2883 724 2968 appellatione
740 2895 860 2948 remota
875 2906 1110 2949 amoveremus:
1136 2884 1198 2948 Dei
1214 2897 1246 2950 et

293 2994 396 3046 vestra
411 2983 599 3047 auctoritate
614 2983 686 3048 freti
699 2984 875 3071 postposito
888 2984 999 3049 timore
1011 2998 1043 3049 et
1057 2986 1160 3071 gratia
1171 3009 1244 3050 eum

291 3085 483 3149 amovimus:
511 3099 543 3150 et
566 3087 679 3151 fratres
701 3088 741 3151 ab
764 3088 944 3152 obedientia
967 3088 1048 3173 ejus,
1064 3101 1096 3152 et
1117 3088 1245 3153 laicosa

292 3186 486 3270 subjectione
515 3189 584 3275 ejus
613 3188 817 3267 absolvimus,
845 3189 1049 3255 decernentes
1079 3192 1176 3256 etiam
1208 3204 1244 3255 ut

290 3286 433 3370 probatae
445 3290 600 3374 majorum
612 3290 829 3356 institutiones
841 3291 883 3354 de
894 3308 1009 3356 caetero
1019 3292 1244 3370 inviolabiliter

289 3386 497 3450 observentur·
512 3388 597 3451 salva
609 3391 640 3452 in
656 3393 805 3455 omnibus
816 3394 1006 3459 auctoritate
1018 3407 1132 3460 vestra.
1170 3395 1244 3460 Erit

289 3486 397 3572 itaque
411 3491 480 3551 Deo
491 3501 523 3553 et
538 3492 718 3574 apostolatu
731 3505 836 3556 vestro
851 3494 983 3578 dignum
996 3519 1077 3582 opus
1092 3496 1240 3559 roborare

288 3591 375 3676 quod
405 3592 526 3656 factum
556 3604 613 3668 est,
642 3616 680 3657 ne
709 3595 860 3679 pestifera
891 3600 985 3662 arbor
1010 3597 1104 3661 semel
1130 3598 1239 3661 avulsa

287 3692 407 3757 radices
421 3692 536 3758 iterum
553 3695 631 3781 figat
646 3695 678 3758 in
694 3696 789 3761 horto
805 3711 920 3774 vestro,
933 3712 965 3763 et
980 3698 1020 3761 ad
1035 3696 1239 3781 ignominiam

286 3794 467 3880 apostolicae
479 3796 563 3861 sedis
574 3810 605 3861 et
619 3797 778 3883 religionis
789 3800 996 3886 opprobrium
1007 3798 1131 3862 fructus
1142 3797 1238 3863 faciat

287 3896 452 3962 toxicatos.
498 3899 605 3975 Quum
623 3914 727 3964 autem
745 3903 901 3965 sententia
916 3902 979 3964 lata
994 3913 1085 3977 esset,
1100 3899 1239 3964 universi

284 3998 400 4062 fratres
411 4021 430 4062 a
441 4000 531 4064 nobis
543 4001 666 4065 veniam
683 4003 843 4088 petierunt
854 4014 887 4066 et
900 4001 1129 4066 absolutionem
1142 4025 1238 4089 super

284 4123 322 4163 eo
347 4101 433 4185 quod
455 4096 664 4169 servientibus
685 4102 787 4182 electi,
802 4103 917 4168 scilicet
933 4103 974 4167 G.
992 4103 1186 4169 Marescaleo
1208 4119 1240 4169 et

284 4202 473 4285 quibusdam
486 4204 628 4291 aliis‚qui
641 4229 712 4269 cum
724 4205 793 4269 aliis
802 4205 921 4270 sicariis
931 4230 949 4270 a
960 4229 1066 4272 mensa
1075 4208 1145 4295 ejus
1157 4231 1239 4272 rece-

283 4303 393 4369 dentes
403 4306 617 4392 gloriosissimi
629 4309 778 4394 martyris
791 4309 889 4373 sancti
904 4310 1040 4375 Thomas
1053 4310 1237 4397 sanguinem
