3034 5200
298 687 360 751 122
555 697 691 743 maurus
707 699 985 745 sunusnaruausrs
1154 683 1200 756 [a.
1218 699 1250 741 u.

293 855 390 918 licum
414 851 486 916 est?
519 852 622 932 fingat
647 853 704 934 qui
728 851 880 914 voluerit:
916 853 993 933 quia
1022 852 1157 914 inveniri
1183 873 1249 915 non

293 966 399 1038 potest
419 954 453 1016 in
475 966 545 1017 tota
565 955 647 1017 serie
669 973 830 1016 sacrarum
853 954 1093 1036 scripturarum,
1107 953 1165 1016 scd
1187 976 1248 1016 nec

293 1058 443 1140 antiquus
454 1056 577 1120 dierum
592 1056 734 1119 mendax
744 1057 934 1128 invenietur,
943 1056 997 1138 qui
1007 1076 1042 1117 se
1052 1056 1248 1118 voluntatem

294 1159 472 1223 timentium
494 1182 528 1223 se
550 1160 697 1244 promisit
715 1180 785 1222 esse
803 1158 971 1221 facturum
1016 1156 1151 1219 Arrbam
1172 1178 1249 1238 pro-

293 1258 457 1326 missionis
471 1262 568 1347 hujus
582 1262 779 1347 accepimus,
787 1260 854 1345 jam
870 1257 1053 1343 pollicentis
1066 1259 1251 1339 experimur

293 1362 403 1442 fidem,
417 1376 450 1428 et
464 1364 643 1428 miserentis
657 1363 812 1427 sentimus
830 1363 981 1424 affectum
996 1359 1053 1442 qui
1068 1360 1252 1422 consolatur

294 1487 355 1530 nos
368 1467 403 1530 iu
418 1468 508 1530 omni
522 1467 728 1531 tribulatione
739 1475 857 1528 nostra
888 1463 1028 1536 Quintus
1042 1483 1146 1525 annus
1160 1463 1252 1524 exilii

296 1569 359 1631 mei
375 1570 540 1647 evolvitur,
555 1579 588 1633 et
608 1590 685 1634 ecce
708 1589 809 1652 quum
824 1566 904 1629 milri
922 1565 1004 1629 nihil
1026 1575 1099 1626 ante
1116 1563 1252 1627 desuerit

295 1670 419 1749 solacii,
443 1673 590 1734 cumulus
614 1682 664 1734 est
687 1669 777 1753 quod
800 1667 946 1732 ecclesie
969 1667 1102 1729 libertas
1128 1665 1252 1730 videtur

295 1781 398 1833 astare
419 1791 480 1852 pro
501 1771 631 1848 foribus,
649 1782 682 1833 et
704 1793 763 1853 pro
785 1782 874 1852 parte
891 1767 959 1852 jam
983 1768 1099 1850 pedem
1122 1768 1195 1831 fixit
1215 1769 1250 1830 in

296 1870 411 1935 insula
455 1871 672 1934 Renunciarit
692 1871 780 1934 enim
801 1892 876 1946 reu,¹
894 1871 980 1933 sicut
1000 1871 1124 1949 nuncii,
1145 1872 1250 1936 cardi-

295 1971 417 2034 nalium
439 1981 636 2045 attestantur,
655 1971 849 2056 quibusdam
870 1973 1158 2038 consuetudinibus
1178 1995 1252 2056 pes·

296 2071 397 2150 simis,
416 2095 497 2156 quas
517 2084 625 2137 tamen
647 2085 722 2137 ante
745 2084 956 2136 consueverat
973 2073 1153 2153 vendicare,
1176 2097 1250 2138 cum

290 2172 475 2257 juramento
502 2173 662 2238 detestans
685 2176 757 2238 illas
779 2187 812 2238 et
832 2184 980 2238 auctores
1001 2197 1120 2240 earum.
1165 2177 1251 2240 Con-

296 2278 392 2342 sentit
404 2289 442 2341 ut
454 2279 589 2342 liberum
604 2278 646 2342 sit
660 2278 703 2343 ad
718 2278 827 2342 sedem
842 2280 1055 2363 apostolicam
1070 2282 1249 2365 appellare:

295 2390 333 2443 ut
346 2379 457 2443 clerici
471 2380 513 2444 ad
527 2382 683 2446 secularia
691 2381 820 2467 judicia
832 2404 899 2446 nou
914 2382 1092 2446 trahantur:
1116 2396 1148 2447 et
1162 2404 1248 2466 quae-

297 2478 372 2546 dnm
386 2483 458 2562 alia,
474 2505 548 2568 quar
567 2484 616 2547 sio
632 2485 753 2549 utinam
773 2486 922 2567 probaret
936 2485 1032 2561 facto,
1046 2486 1131 2548 sicut
1145 2486 1250 2549 firmat

297 2584 436 2670 eloquio.
464 2585 653 2652 cardinales
663 2588 786 2652 nullam
795 2587 918 2652 habeut
927 2586 962 2650 in
971 2587 1251 2671 archiepiscopum

297 2698 505 2769 potestatem:
543 2700 577 2754 et
599 2688 684 2773 jussi
712 2700 789 2753 sunt
816 2688 932 2752 litteris
955 2688 1141 2769 apostolicis
1170 2710 1252 2772 quas

298 2809 403 2872 nuper
416 2801 616 2876 receperunt,
629 2791 782 2872 Angliam
803 2811 867 2851 non
889 2790 1006 2851 intrare
1026 2809 1130 2871 neque
1151 2788 1251 2851 intro-

298 2889 423 2953 mittere
438 2892 527 2956 sede
543 2890 840 2955 consecrationibus
860 2889 1096 2973 episcoporum,
1112 2888 1163 2951 rel
1178 2889 1250 2951 aliis

298 2990 389 3070 regni
404 2991 557 3072 negotiis:
581 2992 643 3056 nisi
658 2994 747 3076 prius
762 2990 985 3058 cantuariensi
1004 2990 1251 3073 archiepiscopo

299 3107 365 3169 pax
381 3090 566 3170 plenissima
584 3092 678 3157 suerit
700 3093 877 3158 reformata
923 3093 1004 3157 Aliis
1026 3114 1155 3177 quoque
1171 3114 1251 3176 prae·

299 3194 430 3265 ceptum
455 3195 504 3248 est
529 3188 586 3263 eis,
612 3199 648 3251 ut
673 3192 762 3254 omni
789 3194 1004 3277 appellatione
1033 3204 1179 3257 cessante
1202 3213 1251 3255 re·

298 3293 423 3362 ponant
451 3284 485 3345 in
510 3285 702 3350 anteriorem
731 3292 924 3355 sententiam
954 3294 1254 3357 excommunicatos

300 3381 423 3447 domini
446 3383 695 3464 cantuariensis,
723 3389 778 3471 qui
804 3390 996 3455 videbantur
1018 3395 1168 3469 absoluti,
1191 3396 1254 3457 nisi

300 3484 499 3550 satisfaciant
511 3483 735 3562 incontinenti,
747 3488 949 3553 restituentes
962 3491 1010 3553 illi
1025 3503 1057 3554 et
1071 3494 1137 3555 suis
1151 3494 1254 3556 eccle-

301 3585 420 3649 siarum
434 3585 652 3671 possessiones
666 3594 700 3650 et
714 3586 823 3650 omnia
843 3608 913 3670 quae
933 3588 1010 3653 inde
1029 3602 1253 3673 perceperunt.

301 3687 538 3754 Londouiensis
552 3689 724 3773 episcopus
744 3689 962 3755 cardinalibus
978 3691 1190 3757 denunciatus
1205 3704 1255 3756 est

301 3792 600 3856 excommunicatus
625 3803 660 3856 et
684 3793 816 3857 domino
842 3814 948 3879 papae,
971 3817 1013 3859 cx
1039 3794 1146 3857 causis
1173 3816 1253 3878 quas

303 3913 483 3978 percurrere
500 3895 631 3975 longum
651 3906 708 3960 est
753 3897 961 3961 Innotescent
980 3896 1050 3959 haec
1071 3916 1130 3977 per
1145 3917 1212 3974 vos,
1226 3896 1254 3959 si

302 3992 467 4079 placuerit,
488 3989 618 4056 domino
641 3993 806 4077 episcopo,
831 3996 884 4059 cui
905 3995 979 4059 ideo
1006 3996 1112 4059 minus
1135 3997 1255 4076 scribo,

303 4119 343 4161 ne
366 4119 437 4161 mea
459 4095 634 4162 necessitas
657 4096 717 4159 sub
742 4097 879 4160 obtentu
901 4098 1077 4161 litterarum
1100 4099 1253 4181 quesisse

304 4199 455 4278 videatur,
478 4198 678 4264 occasionem
700 4198 920 4263 mendicandi.
967 4199 1064 4263 Unde
1087 4221 1253 4285 nunqnam

304 4300 363 4361 sub
385 4302 475 4364 exilii
499 4300 594 4387 hujus
618 4299 765 4381 angustia
787 4297 992 4365 scribendum
1016 4301 1126 4365 censui
1151 4303 1254 4387 suspi-
