3034 5200
280 705 393 786 llum]
662 721 843 768 summu.
1190 713 1232 773 aa

277 876 510 960 aliquantulum
538 883 757 957 temperasset,
782 874 914 936 fortasse
943 874 1006 938 sibi
1034 876 1098 960 ipsi
1123 879 1234 944 utilius

275 977 495 1062 prospexisset
511 977 546 1038 in
560 985 735 1057 posterum.
778 974 834 1036 Ex
852 995 893 1037 eo
912 985 1020 1038 tamen
1040 978 1124 1061 ipso,
1145 979 1232 1044 unde

276 1078 522 1162 prejudicatum
550 1074 676 1137 ridetm
707 1074 962 1158 archiepiscopo,
990 1089 1104 1160 praeter
1128 1080 1231 1143 inten-

275 1179 397 1242 tionem
422 1178 602 1260 gerentium
627 1175 658 1238 ei
679 1185 889 1257 prospectum
914 1188 981 1240 est:
1015 1187 1050 1240 et
1073 1190 1163 1261 patet
1187 1201 1229 1243 ex

273 1282 474 1344 absolutione
485 1278 836 1342 excommunicatorum
847 1276 930 1360 ejus,
942 1300 1038 1360 quam
1049 1281 1230 1365 periculose

273 1383 321 1445 eis
334 1392 430 1445 antea
448 1379 720 1444 communicatum
734 1378 787 1440 sit.
831 1379 883 1440 De
898 1378 961 1442 bac
979 1390 1088 1443 tamen
1102 1383 1228 1447 absolu·

274 1485 373 1562 tione,
383 1494 417 1546 et
429 1482 502 1544 aliis
513 1501 643 1544 causam
658 1480 741 1542 hanc
753 1479 1027 1560 contingentibus,
1038 1483 1230 1548 necessitate

274 1581 420 1645 mandati
432 1579 476 1644 ad
494 1579 655 1643 silentium
670 1591 869 1643 coarctamur
886 1581 1040 1662 usquein
1056 1581 1143 1644 diem
1163 1602 1231 1645 cer-

276 1694 345 1747 tum
360 1704 427 1766 qno
442 1692 570 1745 constet
589 1701 630 1743 an
644 1678 794 1743 dominus
815 1700 903 1764 papa
919 1682 1137 1765 pactionibus,
1150 1704 1232 1766 quas

273 1784 406 1848 admisit
425 1784 461 1846 in
482 1803 581 1845 causa
600 1781 761 1860 ecclesiae,
782 1782 956 1845 instructus
978 1783 1031 1860 sit,
1044 1805 1087 1846 an
1107 1783 1229 1847 illusus.

275 1884 409 1946 Interim
423 1882 504 1945 nihil
518 1879 607 1945 aliud
625 1882 791 1944 consulere
805 1901 940 1963 possum
954 1903 1052 1966 quam
1074 1883 1161 1966 quod
1174 1884 1231 1948 lex

277 1983 386 2049 divina
405 1985 595 2067 praescribit,
611 1984 700 2066 quod
722 1983 796 2046 Deo
818 1984 926 2065 potius
948 1996 1076 2066 oportet
1097 1984 1229 2049 obedire

276 2108 371 2170 qnam
385 2087 588 2150 homiuibus:
615 2105 677 2147 uec
697 2104 843 2166 unquam
865 2095 1074 2165 acceptantur
1091 2084 1229 2148 victime

275 2187 490 2252 obedientiam
504 2183 738 2250 subtrahentis:
764 2206 825 2248 nec
841 2184 1011 2248 salubriter
1027 2182 1158 2264 incedit,
1174 2184 1230 2268 qui

273 2287 383 2353 debito
394 2286 490 2354 officii
499 2288 550 2350 sui
561 2285 721 2369 praepouit
731 2287 930 2349 voluntatem
941 2285 1112 2349 mundanae
1123 2297 1231 2368 petes-

273 2389 359 2452 tatis.
402 2390 479 2452 Hoc
504 2387 595 2449 vobis
619 2388 736 2469 loquor
759 2398 914 2467 tanquam
939 2386 1023 2469 patri
1044 2398 1077 2448 et
1097 2386 1229 2450 domino

274 2509 384 2552 coram
402 2488 487 2564 Deo,
502 2508 595 2571 quem
609 2497 722 2549 testem
736 2486 853 2550 invoco
867 2488 902 2549 in
916 2487 1056 2550 animam
1070 2508 1177 2550 meam
1194 2485 1230 2550 in

273 2587 420 2651 districto
439 2586 608 2650 examine:
638 2585 724 2669 quia,
746 2586 777 2649 si
797 2587 982 2651 salubrioris
1001 2587 1128 2651 consilii
1148 2587 1230 2652 mihi

271 2697 393 2772 pateret
407 2689 469 2766 via,
482 2676 569 2752 illam
584 2688 675 2751 robis
689 2687 858 2750 devotione
872 2689 1110 2772 promptissima
1124 2688 1228 2770 aperi-

272 2812 348 2855 rem.
392 2792 440 2854 Et
458 2789 486 2853 si
502 2790 645 2853 videritis
664 2790 699 2852 iu
721 2809 787 2872 quo
806 2787 897 2851 vobis
918 2790 1043 2853 valeam
1065 2788 1230 2852 officiosus

274 2913 357 2970 esse,
370 2913 481 2957 secure
495 2892 659 2975 praecipite
681 2912 725 2955 ex
738 2890 848 2953 animo
862 2909 922 2971 pro
941 2891 1061 2954 viribus
1077 2888 1228 2973 parituro.

274 2991 381 3057 Credo
402 3012 460 3054 vos
481 2993 640 3075 recepisse
661 2992 771 3055 literas
791 3011 872 3073 quas
893 2990 967 3055 misi
988 2991 1119 3055 domiuo
1141 2990 1229 3054 Con·

274 3092 441 3155 stantiensi
469 3100 505 3154 et
532 3090 730 3154 amicissimo
758 3112 832 3154 meo
861 3090 1097 3170 archidiacono,
1121 3102 1158 3155 ut
1186 3092 1229 3156 ad

273 3212 417 3274 praeseus
429 3191 524 3273 plura
537 3190 676 3254 scribere
688 3212 756 3255 non
771 3202 928 3276 oporteat.

272 3504 495 3570 EPISTOLA
521 3505 780 3596 CCXVII.—an
800 3523 965 3571 aeonenu
980 3524 1083 3572 uerso.
1099 3527 1226 3574 wruon-

534 3625 680 3671 uuusuu.
731 3608 957 3689 [u.n.1167.]

486 3764 627 3827 Domino
640 3764 778 3847 Reperio
797 3766 1011 3846 ll'igorncnsi.

313 3897 548 3962 (torinnam
558 3918 686 3962 securas
701 3899 819 3963 emittit
830 3921 954 3982 preces,
962 3922 1023 3966 nec
1033 3903 1131 3988 justae
1144 3903 1226 3989 peti·

266 3996 366 4061 tionis
384 4001 545 4081 repulsam
566 4009 691 4062 veretur
711 3998 800 4082 apud
822 4000 971 4080 amicum,
994 4004 1050 4084 qui
1073 4005 1115 4067 ad
1138 4002 1224 4065 illius

270 4118 394 4182 semper
408 4111 458 4163 est
472 4099 637 4163 accinctus
652 4100 853 4182 obsequium.
883 4102 972 4173 Quid
987 4113 1093 4165 autem
1103 4099 1224 4185 justius

275 4207 324 4261 est
337 4220 432 4281 quam
453 4209 489 4263 ut
508 4199 686 4262 Dominum
701 4198 809 4262 fidelis
824 4200 946 4263 animet
960 4200 1001 4263 ad
1017 4200 1123 4262 officia
1144 4197 1225 4258 cari·

272 4296 366 4361 tatis:
393 4310 426 4364 st
440 4301 600 4364 Dominus
621 4300 657 4362 in
674 4300 786 4363 salutis
801 4321 867 4362 suae
885 4297 1114 4381 compendium
1129 4296 1226 4361 amici
