3034 5200
285 695 394 775 lien]
662 713 841 758 narsronu.
1177 705 1241 765 239

281 993 501 1058 EPISTOLA
520 990 1236 1059 CCXClX.-unwmumunusuaanronsn

331 1111 372 1156 nr
385 1110 477 1156 astos
494 1111 776 1156 canruunmusus.
826 1092 912 1172 [un.
933 1099 1024 1158 1170.
1036 1115 1078 1159 m.
1096 1096 1180 1174 Oct]

281 1230 401 1294 Amicis
421 1238 452 1294 et
462 1230 628 1315 frutribus
648 1231 824 1293 carnaimia
851 1230 1003 1293 Willelmo
1024 1229 1185 1312 subpriori
1205 1236 1237 1294 et

326 1333 461 1398 Robarto
487 1334 641 1406 sacrata,
671 1338 702 1394 et
733 1333 807 1394 aliis
835 1333 893 1412 qui
921 1337 1044 1394 sunctae
1074 1332 1237 1396 Cantetur.

323 1437 464 1498 ecolesma
485 1455 598 1496 aarum
618 1438 750 1514 gerunt,
772 1453 853 1496 suus
874 1433 1183 1511 hartmannum
1205 1441 1236 1498 et

324 1537 463 1620 diripere
475 1535 654 1618 prudenter
668 1537 838 1616 infectura
851 1543 1063 1619 prospectum.

325 1670 456 1733 Pisaeus
471 1680 591 1732 vestras
605 1679 638 1731 et
653 1680 728 1729 vota
742 1664 885 1730 fidelium
908 1666 1035 1731 tandem
1058 1666 1235 1730 misericors

282 1780 314 1832 et
329 1767 494 1831 miserator
505 1766 662 1830 Dominus
677 1763 842 1828 exaudivit
857 1765 896 1828 ad
908 1765 1058 1830 honorem
1075 1788 1178 1840 suum,
1196 1779 1232 1831 ut

282 1891 322 1933 ex
337 1867 447 1934 multis
468 1881 500 1932 et
522 1871 615 1932 certis
637 1866 762 1933 indiciis
781 1878 881 1952 patet,
896 1867 1080 1951 Anglicanae
1095 1867 1233 1933 ecclesiae

282 1969 450 2033 restituens
461 1991 568 2054 pacem
581 1981 613 2032 et
624 1968 665 2033 ab
676 1966 773 2030 exilio
785 1989 936 2031 revocans
949 1981 1072 2052 patrem
1084 1981 1233 2034 vestrum.

283 2070 415 2135 Utinam
440 2070 575 2134 fuissent
599 2091 692 2132 aures
717 2081 833 2132 vestrae
859 2069 900 2132 ad
930 2091 965 2131 os
990 2067 1109 2132 domini
1137 2068 1232 2154 regis,

284 2171 413 2258 quando
446 2171 477 2233 in
512 2168 670 2256 colloquio
705 2190 819 2252 regum
853 2191 957 2254 nuper
995 2168 1117 2248 habito,
1151 2171 1234 2234 inter

281 2287 418 2339 castrum
429 2273 578 2338 Blesense
588 2285 619 2337 et
629 2270 949 2350 Ambasiam,dimisit
959 2270 1122 2335 dominum
1133 2271 1235 2336 archi-

279 2375 476 2459 episcopum,
493 2386 530 2438 ut
546 2396 565 2436 a
581 2373 725 2449 Francis,
741 2372 861 2458 quibus
877 2373 1057 2450 tenebatur,
1072 2373 1230 2438 licentiam

282 2489 406 2540 mature
432 2474 596 2560 reciperet,
622 2474 680 2538 sub
705 2473 791 2537 omni
817 2474 978 2540 celeritate
1003 2474 1167 2539 rediturus
1191 2474 1233 2539 ad

281 2579 398 2663 ipsum,
434 2575 508 2640 inde
542 2576 575 2639 in
610 2575 758 2662 Angliam
790 2575 993 2642 transiturus.
1039 2577 1157 2663 Igitur,
1195 2590 1232 2642 ut

283 2678 464 2743 condictum
480 2689 539 2755 est,
554 2676 626 2741 Deo
646 2676 798 2763 propitio,
813 2677 846 2740 in
868 2677 950 2743 festo
972 2677 1114 2741 omnium
1137 2680 1234 2743 Sanc·

281 2793 387 2845 torum
418 2779 550 2842 Senonis
575 2778 751 2855 valefaciet,
781 2801 822 2842 ex
845 2763 1008 2864 proposito
1031 2791 1063 2843 et
1085 2778 1233 2843 condicto

281 2882 443 2947 rediturus
458 2880 498 2945 ad
514 2882 655 2967 propria,
669 2893 702 2945 et
717 2902 814 2966 quam
830 2881 895 2945 cito
909 2880 1028 2967 poterit
1050 2894 1231 2945 sanctorum

281 2985 392 3048 urbem
405 2982 510 3047 reditu
524 3006 582 3046 suo
594 2982 801 3046 Cantuariam
812 2980 997 3048 illustrabit.
1036 2982 1100 3045 Vos
1112 2982 1231 3068 itaque,

281 3086 363 3149 sicut
378 3083 490 3147 honori
505 3096 537 3147 et
553 3082 648 3147 saluti
663 3083 802 3148 ecclesiae
817 3097 931 3149 vestrae
946 3096 1149 3171 prospectum
1165 3106 1232 3149 esse

283 3186 381 3249 vultis
402 3184 434 3246 in
457 3195 630 3268 posterum,
645 3182 730 3267 patri
746 3196 852 3247 vestro
873 3184 1041 3266 occurrite,
1055 3196 1087 3249 et
1103 3185 1135 3248 in
1157 3208 1231 3272 par·

280 3285 367 3350 tibus
379 3284 563 3359 cismarinis,
576 3284 601 3346 si
617 3283 697 3368 quid
708 3282 796 3361 fidei,
808 3284 832 3347 si
848 3284 928 3370 quid
940 3286 1097 3362 amicitiae,
1111 3288 1136 3351 si
1151 3287 1231 3374 quid

279 3387 457 3451 devotionis
473 3399 529 3451 aut
545 3385 665 3449 consilii
682 3398 741 3463 est,
758 3388 973 3453 transmittere
986 3411 1051 3453 nou
1066 3388 1231 3470 differatis,

281 3488 367 3553 unde
390 3512 422 3553 se
438 3488 536 3573 possit
552 3510 732 3565 exonerare,
750 3500 783 3552 et
803 3489 893 3553 vobis
907 3503 1064 3575 perpetuo
1087 3502 1232 3555 teneatur

279 3592 447 3657 obnoxius.
493 3590 656 3655 Redimite
671 3590 720 3653 vel
735 3612 822 3654 nunc
837 3611 969 3667 moram,
983 3611 1023 3651 ne
1037 3588 1121 3653 forte
1135 3589 1177 3653 ad
1197 3611 1230 3653 se

277 3692 459 3759 inevitabile
478 3693 614 3777 jacturae
630 3713 736 3755 rerum
751 3703 785 3755 et
799 3691 894 3755 famae
918 3687 1097 3776 periculum
1112 3689 1229 3754 trahat.

280 3794 319 3856 ln
333 3793 478 3858 Historia
490 3794 655 3856 Novorum
668 3792 772 3877 reperi
784 3793 964 3856 decessores
976 3799 1097 3851 vestros
1111 3787 1230 3874 primos

277 3896 448 3959 occurrisse
464 3893 634 3958 revertenti
653 3892 694 3956 ab
716 3892 813 3957 exilio
835 3892 920 3977 patri
935 3887 1094 3955 Anselmo.
1140 3893 1172 3953 N
1175 3912 1232 3952 un-

278 3993 357 4079 quid
370 4018 425 4058 vos
436 3995 607 4080 degeneres
619 3991 717 4067 eritis,
730 4003 768 4056 nt
781 3990 859 4056 nihil
873 3989 977 4055 solatii
988 4002 1044 4054 aut
1056 3988 1232 4068 minimum,

278 4106 311 4158 et
326 4117 387 4158 nou
403 4096 577 4161 secundum
593 4118 649 4159 vos
664 4094 899 4159 revertentibus
922 4093 1007 4180 patri
1024 4105 1056 4156 et
1078 4089 1232 4155 fratribus

279 4195 470 4261 conferatis?
502 4197 598 4262 Absit
615 4196 675 4260 hoc
692 4217 815 4281 semper
836 4218 856 4258 a
876 4194 980 4280 prima
995 4190 1232 4257 Britanniarum

278 4296 351 4360 sede
362 4297 592 4374 Cantuariensi,
604 4320 643 4362 nc
655 4311 720 4362 tam
733 4296 857 4360 foedum
874 4294 1024 4381 temporis
1038 4291 1150 4373 nostri,
1165 4305 1231 4358 tam
