<?xml version="1.0" encoding="UTF-8"?>
<!DOCTYPE html PUBLIC "-//W3C//DTD XHTML 1.0 Transitional//EN"
    "http://www.w3.org/TR/xhtml1/DTD/xhtml1-transitional.dtd">
<html xmlns="http://www.w3.org/1999/xhtml" xml:lang="en" lang="en">
 <head>
  <title>
</title>
<meta http-equiv="Content-Type" content="text/html;charset=utf-8" />
  <meta name='ocr-system' content='tesseract 3.04.00' />
  <meta name='ocr-capabilities' content='ocr_page ocr_carea ocr_par ocr_line ocrx_word'/>
</head>
<body>
  <div class='ocr_page' id='page_1' title='image "./joannissaresber11johngoog_0142.png"; bbox 0 0 3034 5200; ppageno 0'>
   <div class='ocr_carea' id='block_1_1' title="bbox 263 696 1219 776">
    <p class='ocr_par' dir='ltr' id='par_1_1' title="bbox 263 696 1219 776">
     <span class='ocr_line' id='line_1_1' title="bbox 263 696 1219 776; baseline 0 -18"><span class='ocrx_word' id='word_1_1' title='bbox 263 696 371 776; x_wconf 75' lang='lat' dir='ltr'>lina]</span> <span class='ocrx_word' id='word_1_2' title='bbox 638 712 816 757; x_wconf 76' lang='lat' dir='ltr'>nrisronm.</span> <span class='ocrx_word' id='word_1_3' title='bbox 1158 698 1219 758; x_wconf 77' lang='lat'>123</span> 
     </span>
    </p>
   </div>
   <div class='ocr_carea' id='block_1_2' title="bbox 262 865 1225 1660">
    <p class='ocr_par' dir='ltr' id='par_1_2' title="bbox 262 865 1225 1660">
     <span class='ocr_line' id='line_1_2' title="bbox 262 865 1222 950; baseline -0.002 -18"><span class='ocrx_word' id='word_1_4' title='bbox 262 868 360 932; x_wconf 92' lang='lat' dir='ltr'>ciosis</span> <span class='ocrx_word' id='word_1_5' title='bbox 383 879 415 929; x_wconf 91' lang='lat' dir='ltr'>et</span> <span class='ocrx_word' id='word_1_6' title='bbox 437 865 697 950; x_wconf 87' lang='lat' dir='ltr'>conjectantibus</span> <span class='ocrx_word' id='word_1_7' title='bbox 715 865 903 947; x_wconf 82' lang='lat' dir='ltr'>indigentiis</span> <span class='ocrx_word' id='word_1_8' title='bbox 918 867 1015 930; x_wconf 84' lang='lat' dir='ltr'>verba</span> <span class='ocrx_word' id='word_1_9' title='bbox 1037 885 1163 948; x_wconf 86' lang='lat' dir='ltr'>semper</span> <span class='ocrx_word' id='word_1_10' title='bbox 1179 866 1222 929; x_wconf 92' lang='lat' dir='ltr'>ad</span> 
     </span>
     <span class='ocr_line' id='line_1_3' title="bbox 263 966 1222 1054; baseline -0.002 -22"><span class='ocrx_word' id='word_1_11' title='bbox 263 982 420 1054; x_wconf 73' lang='lat' dir='ltr'>quaestum</span> <span class='ocrx_word' id='word_1_12' title='bbox 436 977 470 1032; x_wconf 93' lang='lat' dir='ltr'>et</span> <span class='ocrx_word' id='word_1_13' title='bbox 483 969 738 1031; x_wconf 80' lang='lat' dir='ltr'>consolationem</span> <span class='ocrx_word' id='word_1_14' title='bbox 754 968 910 1049; x_wconf 79' lang='lat' dir='ltr'>angustiae</span> <span class='ocrx_word' id='word_1_15' title='bbox 926 966 1074 1031; x_wconf 89' lang='lat' dir='ltr'>tendere:</span> <span class='ocrx_word' id='word_1_16' title='bbox 1096 967 1155 1030; x_wconf 89' lang='lat' dir='ltr'>sed</span> <span class='ocrx_word' id='word_1_17' title='bbox 1171 967 1222 1053; x_wconf 84' lang='lat' dir='ltr'>bis</span> 
     </span>
     <span class='ocr_line' id='line_1_4' title="bbox 263 1069 1223 1154; baseline -0.001 -19"><span class='ocrx_word' id='word_1_18' title='bbox 263 1072 420 1135; x_wconf 76' lang='lat' dir='ltr'>duntaxat</span> <span class='ocrx_word' id='word_1_19' title='bbox 434 1091 516 1154; x_wconf 88' lang='lat' dir='ltr'>quos</span> <span class='ocrx_word' id='word_1_20' title='bbox 532 1070 667 1135; x_wconf 87' lang='lat' dir='ltr'>arbitror</span> <span class='ocrx_word' id='word_1_21' title='bbox 681 1070 777 1132; x_wconf 88' lang='lat' dir='ltr'>amici</span> <span class='ocrx_word' id='word_1_22' title='bbox 793 1090 973 1133; x_wconf 87' lang='lat' dir='ltr'>sermonem</span> <span class='ocrx_word' id='word_1_23' title='bbox 987 1090 1052 1132; x_wconf 92' lang='lat' dir='ltr'>non</span> <span class='ocrx_word' id='word_1_24' title='bbox 1068 1069 1223 1154; x_wconf 87' lang='lat' dir='ltr'>interpre-</span> 
     </span>
     <span class='ocr_line' id='line_1_5' title="bbox 264 1171 1221 1255; baseline -0.002 -19"><span class='ocrx_word' id='word_1_25' title='bbox 264 1185 382 1237; x_wconf 86' lang='lat' dir='ltr'>taturos</span> <span class='ocrx_word' id='word_1_26' title='bbox 398 1193 531 1255; x_wconf 90' lang='lat' dir='ltr'>precum</span> <span class='ocrx_word' id='word_1_27' title='bbox 550 1192 621 1236; x_wconf 87' lang='lat' dir='ltr'>esse</span> <span class='ocrx_word' id='word_1_28' title='bbox 640 1171 887 1255; x_wconf 75' lang='lat' dir='ltr'>improbitatem.</span> <span class='ocrx_word' id='word_1_29' title='bbox 917 1172 1004 1234; x_wconf 92' lang='lat' dir='ltr'>Eum</span> <span class='ocrx_word' id='word_1_30' title='bbox 1020 1191 1093 1234; x_wconf 83' lang='lat' dir='ltr'>vero</span> <span class='ocrx_word' id='word_1_31' title='bbox 1108 1191 1221 1253; x_wconf 86' lang='lat' dir='ltr'>precor</span> 
     </span>
     <span class='ocr_line' id='line_1_6' title="bbox 265 1270 1223 1346; baseline -0.003 -9"><span class='ocrx_word' id='word_1_32' title='bbox 265 1273 394 1337; x_wconf 89' lang='lat' dir='ltr'>nomine</span> <span class='ocrx_word' id='word_1_33' title='bbox 417 1293 490 1335; x_wconf 90' lang='lat' dir='ltr'>meo</span> <span class='ocrx_word' id='word_1_34' title='bbox 512 1271 654 1346; x_wconf 87' lang='lat' dir='ltr'>salutari,</span> <span class='ocrx_word' id='word_1_35' title='bbox 678 1271 732 1334; x_wconf 91' lang='lat' dir='ltr'>cui</span> <span class='ocrx_word' id='word_1_36' title='bbox 754 1272 871 1334; x_wconf 89' lang='lat' dir='ltr'>multas</span> <span class='ocrx_word' id='word_1_37' title='bbox 892 1270 1012 1345; x_wconf 87' lang='lat' dir='ltr'>haben,</span> <span class='ocrx_word' id='word_1_38' title='bbox 1037 1280 1070 1333; x_wconf 93' lang='lat' dir='ltr'>et</span> <span class='ocrx_word' id='word_1_39' title='bbox 1090 1281 1223 1334; x_wconf 87' lang='lat' dir='ltr'>auctore</span> 
     </span>
     <span class='ocr_line' id='line_1_7' title="bbox 265 1369 1225 1458; baseline 0.001 -22"><span class='ocrx_word' id='word_1_40' title='bbox 265 1375 336 1438; x_wconf 91' lang='lat' dir='ltr'>Deo</span> <span class='ocrx_word' id='word_1_41' title='bbox 353 1373 471 1458; x_wconf 84' lang='lat' dir='ltr'>gratias</span> <span class='ocrx_word' id='word_1_42' title='bbox 486 1392 580 1452; x_wconf 87' lang='lat' dir='ltr'>agam</span> <span class='ocrx_word' id='word_1_43' title='bbox 595 1382 726 1457; x_wconf 86' lang='lat' dir='ltr'>propter</span> <span class='ocrx_word' id='word_1_44' title='bbox 738 1369 956 1434; x_wconf 84' lang='lat' dir='ltr'>sinceritatem</span> <span class='ocrx_word' id='word_1_45' title='bbox 972 1370 1113 1435; x_wconf 89' lang='lat' dir='ltr'>caritatis</span> <span class='ocrx_word' id='word_1_46' title='bbox 1127 1393 1225 1455; x_wconf 87' lang='lat' dir='ltr'>quam</span> 
     </span>
     <span class='ocr_line' id='line_1_8' title="bbox 265 1470 1225 1556; baseline -0.001 -19"><span class='ocrx_word' id='word_1_47' title='bbox 265 1476 345 1538; x_wconf 91' lang='lat' dir='ltr'>mihi</span> <span class='ocrx_word' id='word_1_48' title='bbox 361 1482 466 1538; x_wconf 90' lang='lat' dir='ltr'>servat</span> <span class='ocrx_word' id='word_1_49' title='bbox 479 1470 513 1534; x_wconf 93' lang='lat' dir='ltr'>in</span> <span class='ocrx_word' id='word_1_50' title='bbox 529 1473 637 1549; x_wconf 91' lang='lat' dir='ltr'>corde,</span> <span class='ocrx_word' id='word_1_51' title='bbox 652 1483 685 1536; x_wconf 92' lang='lat' dir='ltr'>et</span> <span class='ocrx_word' id='word_1_52' title='bbox 700 1494 798 1556; x_wconf 92' lang='lat' dir='ltr'>quum</span> <span class='ocrx_word' id='word_1_53' title='bbox 819 1493 953 1536; x_wconf 86' lang='lat' dir='ltr'>necesse</span> <span class='ocrx_word' id='word_1_54' title='bbox 969 1472 1064 1536; x_wconf 88' lang='lat' dir='ltr'>suerit</span> <span class='ocrx_word' id='word_1_55' title='bbox 1078 1471 1225 1536; x_wconf 88' lang='lat' dir='ltr'>ostendet</span> 
     </span>
     <span class='ocr_line' id='line_1_9' title="bbox 267 1575 592 1660; baseline 0.003 -22"><span class='ocrx_word' id='word_1_56' title='bbox 267 1577 301 1639; x_wconf 89' lang='lat' dir='ltr'>in</span> <span class='ocrx_word' id='word_1_57' title='bbox 317 1598 424 1660; x_wconf 90' lang='lat' dir='ltr'>opere.</span> <span class='ocrx_word' id='word_1_58' title='bbox 469 1575 592 1639; x_wconf 87' lang='lat' dir='ltr'>Valete.</span> 
     </span>
    </p>
   </div>
   <div class='ocr_carea' id='block_1_3' title="bbox 270 1873 1227 2056">
    <p class='ocr_par' dir='ltr' id='par_1_3' title="bbox 270 1873 1227 2056">
     <span class='ocr_line' id='line_1_10' title="bbox 270 1873 1227 1942; baseline -0.004 -2"><span class='ocrx_word' id='word_1_59' title='bbox 270 1876 492 1942; x_wconf 86' lang='lat' dir='ltr'><strong>EPISTOLA</strong></span> <span class='ocrx_word' id='word_1_60' title='bbox 507 1873 784 1941; x_wconf 78' lang='lat' dir='ltr'>CCXLIIL-an</span> <span class='ocrx_word' id='word_1_61' title='bbox 799 1886 1091 1939; x_wconf 75' lang='lat' dir='ltr'>naaraoaomaurr</span> <span class='ocrx_word' id='word_1_62' title='bbox 1110 1891 1227 1938; x_wconf 82' lang='lat' dir='ltr'>axom-</span> 
     </span>
     <span class='ocr_line' id='line_1_11' title="bbox 447 1973 1046 2056; baseline -0.003 -16"><span class='ocrx_word' id='word_1_63' title='bbox 447 1995 560 2040; x_wconf 80' lang='lat' dir='ltr'>nnsmr</span> <span class='ocrx_word' id='word_1_64' title='bbox 576 1993 774 2040; x_wconf 79' lang='grc'>1111111111.</span> <span class='ocrx_word' id='word_1_65' title='bbox 823 1975 917 2056; x_wconf 74' lang='grc'>[11.</span> <span class='ocrx_word' id='word_1_66' title='bbox 937 1973 1046 2055; x_wconf 75' lang='grc'>11611]</span> 
     </span>
    </p>
   </div>
   <div class='ocr_carea' id='block_1_4' title="bbox 272 2135 1227 2300">
    <p class='ocr_par' dir='ltr' id='par_1_4' title="bbox 272 2135 1227 2300">
     <span class='ocr_line' id='line_1_12' title="bbox 272 2135 1227 2202; baseline -0.003 0"><span class='ocrx_word' id='word_1_67' title='bbox 272 2137 443 2202; x_wconf 80' lang='lat' dir='ltr'>Boldwe&#39;no</span> <span class='ocrx_word' id='word_1_68' title='bbox 461 2137 638 2201; x_wconf 76' lang='grc'>1111111111</span> <span class='ocrx_word' id='word_1_69' title='bbox 663 2135 898 2199; x_wconf 67' lang='lat' dir='ltr'>archidiacono</span> <span class='ocrx_word' id='word_1_70' title='bbox 918 2135 1066 2199; x_wconf 81' lang='lat' dir='ltr'>Jocnnes</span> <span class='ocrx_word' id='word_1_71' title='bbox 1079 2135 1227 2200; x_wconf 74' lang='lat' dir='ltr'>Sambe</span> 
     </span>
     <span class='ocr_line' id='line_1_13' title="bbox 685 2256 813 2300; baseline -0.016 1"><span class='ocrx_word' id='word_1_72' title='bbox 685 2256 813 2300; x_wconf 74' lang='grc'>1111111.</span> 
     </span>
    </p>
   </div>
   <div class='ocr_carea' id='block_1_5' title="bbox 273 2369 1267 3775">
    <p class='ocr_par' dir='ltr' id='par_1_5' title="bbox 273 2369 1267 3775">
     <span class='ocr_line' id='line_1_14' title="bbox 316 2369 1228 2456; baseline -0.001 -19"><span class='ocrx_word' id='word_1_73' title='bbox 316 2374 352 2437; x_wconf 83' lang='lat' dir='ltr'>St</span> <span class='ocrx_word' id='word_1_74' title='bbox 367 2372 450 2434; x_wconf 92' lang='lat' dir='ltr'>nihil</span> <span class='ocrx_word' id='word_1_75' title='bbox 463 2369 596 2434; x_wconf 87' lang='lat' dir='ltr'>humani</span> <span class='ocrx_word' id='word_1_76' title='bbox 612 2391 632 2432; x_wconf 90' lang='lat' dir='ltr'>a</span> <span class='ocrx_word' id='word_1_77' title='bbox 646 2390 682 2432; x_wconf 89' lang='lat' dir='ltr'>se</span> <span class='ocrx_word' id='word_1_78' title='bbox 698 2370 842 2451; x_wconf 87' lang='lat' dir='ltr'>comicus</span> <span class='ocrx_word' id='word_1_79' title='bbox 857 2380 984 2456; x_wconf 87' lang='lat' dir='ltr'>reputat</span> <span class='ocrx_word' id='word_1_80' title='bbox 998 2372 1150 2449; x_wconf 85' lang='lat' dir='ltr'>alienum,</span> <span class='ocrx_word' id='word_1_81' title='bbox 1161 2394 1228 2438; x_wconf 92' lang='lat' dir='ltr'>non</span> 
     </span>
     <span class='ocr_line' id='line_1_15' title="bbox 273 2472 1229 2556; baseline 0.001 -18"><span class='ocrx_word' id='word_1_82' title='bbox 273 2475 402 2556; x_wconf 82' lang='lat' dir='ltr'>ambigo</span> <span class='ocrx_word' id='word_1_83' title='bbox 417 2484 448 2536; x_wconf 89' lang='lat' dir='ltr'>te</span> <span class='ocrx_word' id='word_1_84' title='bbox 464 2493 574 2535; x_wconf 87' lang='lat' dir='ltr'>curare</span> <span class='ocrx_word' id='word_1_85' title='bbox 590 2491 684 2555; x_wconf 91' lang='lat' dir='ltr'>quem</span> <span class='ocrx_word' id='word_1_86' title='bbox 705 2472 853 2536; x_wconf 89' lang='lat' dir='ltr'>sortiatur</span> <span class='ocrx_word' id='word_1_87' title='bbox 867 2473 990 2538; x_wconf 86' lang='lat' dir='ltr'>exitum</span> <span class='ocrx_word' id='word_1_88' title='bbox 1004 2494 1102 2538; x_wconf 87' lang='lat' dir='ltr'>causa</span> <span class='ocrx_word' id='word_1_89' title='bbox 1116 2474 1181 2539; x_wconf 94' lang='lat' dir='ltr'>Dei</span> <span class='ocrx_word' id='word_1_90' title='bbox 1196 2485 1229 2538; x_wconf 86' lang='lat' dir='ltr'>et</span> 
     </span>
     <span class='ocr_line' id='line_1_16' title="bbox 276 2572 1230 2661; baseline -0.001 -20"><span class='ocrx_word' id='word_1_91' title='bbox 276 2574 450 2641; x_wconf 90' lang='lat' dir='ltr'>amicorum</span> <span class='ocrx_word' id='word_1_92' title='bbox 464 2575 567 2650; x_wconf 85' lang='lat' dir='ltr'>labor,</span> <span class='ocrx_word' id='word_1_93' title='bbox 582 2573 639 2656; x_wconf 89' lang='lat' dir='ltr'>qui</span> <span class='ocrx_word' id='word_1_94' title='bbox 652 2593 711 2658; x_wconf 91' lang='lat' dir='ltr'>pro</span> <span class='ocrx_word' id='word_1_95' title='bbox 726 2572 872 2639; x_wconf 87' lang='lat' dir='ltr'>libertate</span> <span class='ocrx_word' id='word_1_96' title='bbox 890 2576 1035 2641; x_wconf 86' lang='lat' dir='ltr'>ecclesiae</span> <span class='ocrx_word' id='word_1_97' title='bbox 1055 2577 1230 2661; x_wconf 87' lang='lat' dir='ltr'>patiuntur,</span> 
     </span>
     <span class='ocr_line' id='line_1_17' title="bbox 276 2674 1230 2761; baseline -0.002 -18"><span class='ocrx_word' id='word_1_98' title='bbox 276 2691 331 2743; x_wconf 89' lang='lat' dir='ltr'>aut</span> <span class='ocrx_word' id='word_1_99' title='bbox 345 2676 543 2742; x_wconf 85' lang='lat' dir='ltr'>imminentia</span> <span class='ocrx_word' id='word_1_100' title='bbox 559 2674 619 2738; x_wconf 90' lang='lat' dir='ltr'>sibi</span> <span class='ocrx_word' id='word_1_101' title='bbox 635 2674 780 2757; x_wconf 89' lang='lat' dir='ltr'>pericula</span> <span class='ocrx_word' id='word_1_102' title='bbox 793 2675 1010 2745; x_wconf 85' lang='lat' dir='ltr'>reformidant.</span> <span class='ocrx_word' id='word_1_103' title='bbox 1048 2678 1083 2742; x_wconf 88' lang='lat' dir='ltr'>Si</span> <span class='ocrx_word' id='word_1_104' title='bbox 1098 2678 1230 2761; x_wconf 88' lang='lat' dir='ltr'>quidem</span> 
     </span>
     <span class='ocr_line' id='line_1_18' title="bbox 275 2777 1231 2864; baseline 0 -21"><span class='ocrx_word' id='word_1_105' title='bbox 275 2780 355 2843; x_wconf 91' lang='lat' dir='ltr'>mihi</span> <span class='ocrx_word' id='word_1_106' title='bbox 381 2780 506 2864; x_wconf 86' lang='lat' dir='ltr'>pridem</span> <span class='ocrx_word' id='word_1_107' title='bbox 529 2777 639 2841; x_wconf 90' lang='lat' dir='ltr'>multis</span> <span class='ocrx_word' id='word_1_108' title='bbox 662 2778 860 2859; x_wconf 79' lang='lat' dir='ltr'>argumentis</span> <span class='ocrx_word' id='word_1_109' title='bbox 885 2779 1024 2846; x_wconf 88' lang='lat' dir='ltr'>innotuit</span> <span class='ocrx_word' id='word_1_110' title='bbox 1049 2779 1231 2861; x_wconf 85' lang='lat' dir='ltr'>benignitas</span> 
     </span>
     <span class='ocr_line' id='line_1_19' title="bbox 276 2876 1232 2965; baseline -0.003 -19"><span class='ocrx_word' id='word_1_111' title='bbox 276 2895 341 2962; x_wconf 87' lang='lat' dir='ltr'>tua,</span> <span class='ocrx_word' id='word_1_112' title='bbox 356 2904 416 2946; x_wconf 92' lang='lat' dir='ltr'>suo</span> <span class='ocrx_word' id='word_1_113' title='bbox 438 2880 550 2945; x_wconf 90' lang='lat' dir='ltr'>merito</span> <span class='ocrx_word' id='word_1_114' title='bbox 573 2876 668 2943; x_wconf 90' lang='lat' dir='ltr'>bonis</span> <span class='ocrx_word' id='word_1_115' title='bbox 689 2879 842 2945; x_wconf 89' lang='lat' dir='ltr'>omnibns</span> <span class='ocrx_word' id='word_1_116' title='bbox 864 2878 1023 2963; x_wconf 87' lang='lat' dir='ltr'>gratiosa:</span> <span class='ocrx_word' id='word_1_117' title='bbox 1053 2880 1121 2957; x_wconf 87' lang='lat' dir='ltr'>sed,</span> <span class='ocrx_word' id='word_1_118' title='bbox 1142 2878 1232 2965; x_wconf 89' lang='lat' dir='ltr'>quod</span> 
     </span>
     <span class='ocr_line' id='line_1_20' title="bbox 278 2980 1232 3068; baseline -0.002 -21"><span class='ocrx_word' id='word_1_119' title='bbox 278 2984 316 3047; x_wconf 91' lang='lat' dir='ltr'>de</span> <span class='ocrx_word' id='word_1_120' title='bbox 340 2981 537 3047; x_wconf 86' lang='lat' dir='ltr'>conscientia</span> <span class='ocrx_word' id='word_1_121' title='bbox 560 2980 708 3060; x_wconf 86' lang='lat' dir='ltr'>dixerim,</span> <span class='ocrx_word' id='word_1_122' title='bbox 724 2980 806 3045; x_wconf 90' lang='lat' dir='ltr'>nulli</span> <span class='ocrx_word' id='word_1_123' title='bbox 829 2982 1013 3047; x_wconf 87' lang='lat' dir='ltr'>mortalium</span> <span class='ocrx_word' id='word_1_124' title='bbox 1034 3003 1132 3068; x_wconf 91' lang='lat' dir='ltr'>quam</span> <span class='ocrx_word' id='word_1_125' title='bbox 1152 2981 1232 3045; x_wconf 91' lang='lat' dir='ltr'>mihi</span> 
     </span>
     <span class='ocr_line' id='line_1_21' title="bbox 278 3083 1232 3167; baseline -0.001 -19"><span class='ocrx_word' id='word_1_126' title='bbox 278 3084 413 3149; x_wconf 90' lang='lat' dir='ltr'>dulcior.</span> <span class='ocrx_word' id='word_1_127' title='bbox 465 3083 618 3145; x_wconf 90' lang='lat' dir='ltr'>Poterunt</span> <span class='ocrx_word' id='word_1_128' title='bbox 646 3092 752 3147; x_wconf 89' lang='lat' dir='ltr'>autem</span> <span class='ocrx_word' id='word_1_129' title='bbox 783 3084 843 3147; x_wconf 91' lang='lat' dir='ltr'>tibi</span> <span class='ocrx_word' id='word_1_130' title='bbox 874 3104 947 3167; x_wconf 81' lang='lat' dir='ltr'>quoe</span> <span class='ocrx_word' id='word_1_131' title='bbox 974 3093 1066 3167; x_wconf 88' lang='lat' dir='ltr'>gesta</span> <span class='ocrx_word' id='word_1_132' title='bbox 1093 3094 1167 3149; x_wconf 89' lang='lat' dir='ltr'>sunt</span> <span class='ocrx_word' id='word_1_133' title='bbox 1196 3084 1232 3148; x_wconf 91' lang='lat' dir='ltr'>in</span> 
     </span>
     <span class='ocr_line' id='line_1_22' title="bbox 279 3181 1233 3267; baseline 0 -18"><span class='ocrx_word' id='word_1_134' title='bbox 279 3182 444 3267; x_wconf 89' lang='lat' dir='ltr'>colloquio</span> <span class='ocrx_word' id='word_1_135' title='bbox 471 3182 593 3246; x_wconf 92' lang='lat' dir='ltr'>domini</span> <span class='ocrx_word' id='word_1_136' title='bbox 623 3181 865 3249; x_wconf 74' lang='lat' dir='ltr'>cantuariensis</span> <span class='ocrx_word' id='word_1_137' title='bbox 893 3196 926 3249; x_wconf 89' lang='lat' dir='ltr'>et</span> <span class='ocrx_word' id='word_1_138' title='bbox 953 3186 1174 3266; x_wconf 84' lang='lat' dir='ltr'>cardinalium,</span> <span class='ocrx_word' id='word_1_139' title='bbox 1199 3193 1233 3251; x_wconf 91' lang='lat' dir='ltr'>et</span> 
     </span>
     <span class='ocr_line' id='line_1_23' title="bbox 279 3283 1232 3368; baseline 0.006 -20"><span class='ocrx_word' id='word_1_140' title='bbox 279 3288 355 3350; x_wconf 87' lang='lat' dir='ltr'>item</span> <span class='ocrx_word' id='word_1_141' title='bbox 377 3283 513 3368; x_wconf 87' lang='lat' dir='ltr'>qualiter</span> <span class='ocrx_word' id='word_1_142' title='bbox 535 3283 679 3368; x_wconf 89' lang='lat' dir='ltr'>episcopi</span> <span class='ocrx_word' id='word_1_143' title='bbox 702 3284 758 3368; x_wconf 91' lang='lat' dir='ltr'>qui</span> <span class='ocrx_word' id='word_1_144' title='bbox 781 3286 1060 3353; x_wconf 84' lang='lat' dir='ltr'>transfretaverunt</span> <span class='ocrx_word' id='word_1_145' title='bbox 1080 3288 1232 3354; x_wconf 84' lang='lat' dir='ltr'>adversus</span> 
     </span>
     <span class='ocr_line' id='line_1_24' title="bbox 279 3384 1232 3477; baseline 0.004 -25"><span class='ocrx_word' id='word_1_146' title='bbox 279 3384 558 3469; x_wconf 85' lang='lat' dir='ltr'>archiepiscopum</span> <span class='ocrx_word' id='word_1_147' title='bbox 571 3384 679 3448; x_wconf 93' lang='lat' dir='ltr'>denuo</span> <span class='ocrx_word' id='word_1_148' title='bbox 691 3400 953 3470; x_wconf 86' lang='lat' dir='ltr'>provocaverunt,</span> <span class='ocrx_word' id='word_1_149' title='bbox 962 3399 1120 3471; x_wconf 84' lang='lat' dir='ltr'>constare,</span> <span class='ocrx_word' id='word_1_150' title='bbox 1131 3412 1232 3477; x_wconf 90' lang='lat' dir='ltr'>quum</span> 
     </span>
     <span class='ocr_line' id='line_1_25' title="bbox 279 3486 1233 3567; baseline 0.001 -13"><span class='ocrx_word' id='word_1_151' title='bbox 279 3512 321 3554; x_wconf 87' lang='lat' dir='ltr'>ex</span> <span class='ocrx_word' id='word_1_152' title='bbox 346 3487 500 3551; x_wconf 91' lang='lat' dir='ltr'>relatione</span> <span class='ocrx_word' id='word_1_153' title='bbox 526 3486 709 3567; x_wconf 89' lang='lat' dir='ltr'>multorum,</span> <span class='ocrx_word' id='word_1_154' title='bbox 731 3498 799 3551; x_wconf 91' lang='lat' dir='ltr'>tum</span> <span class='ocrx_word' id='word_1_155' title='bbox 827 3489 954 3554; x_wconf 90' lang='lat' dir='ltr'>fidelius</span> <span class='ocrx_word' id='word_1_156' title='bbox 976 3502 1013 3556; x_wconf 93' lang='lat' dir='ltr'>ut</span> <span class='ocrx_word' id='word_1_157' title='bbox 1033 3492 1169 3556; x_wconf 88' lang='lat' dir='ltr'>arbitror</span> <span class='ocrx_word' id='word_1_158' title='bbox 1189 3512 1233 3555; x_wconf 86' lang='lat' dir='ltr'>ex</span> 
     </span>
     <span class='ocr_line' id='line_1_26' title="bbox 278 3588 1233 3675; baseline 0 -23"><span class='ocrx_word' id='word_1_159' title='bbox 278 3590 391 3655; x_wconf 88' lang='lat' dir='ltr'>litteris</span> <span class='ocrx_word' id='word_1_160' title='bbox 417 3609 552 3672; x_wconf 89' lang='lat' dir='ltr'>quarum</span> <span class='ocrx_word' id='word_1_161' title='bbox 577 3588 638 3651; x_wconf 92' lang='lat' dir='ltr'>tibi</span> <span class='ocrx_word' id='word_1_162' title='bbox 662 3589 831 3654; x_wconf 90' lang='lat' dir='ltr'>mittuntur</span> <span class='ocrx_word' id='word_1_163' title='bbox 859 3594 1020 3675; x_wconf 84' lang='lat' dir='ltr'>exempla.</span> <span class='ocrx_word' id='word_1_164' title='bbox 1075 3591 1233 3655; x_wconf 85' lang='lat' dir='ltr'>Contraxi</span> 
     </span>
     <span class='ocr_line' id='line_1_27' title="bbox 279 3689 1267 3775; baseline 0.002 -21"><span class='ocrx_word' id='word_1_165' title='bbox 279 3712 417 3775; x_wconf 89' lang='lat' dir='ltr'>namque</span> <span class='ocrx_word' id='word_1_166' title='bbox 438 3689 682 3753; x_wconf 86' lang='lat' dir='ltr'>familiaritatem</span> <span class='ocrx_word' id='word_1_167' title='bbox 705 3711 780 3755; x_wconf 90' lang='lat' dir='ltr'>cum</span> <span class='ocrx_word' id='word_1_168' title='bbox 803 3691 934 3756; x_wconf 91' lang='lat' dir='ltr'>domino</span> <span class='ocrx_word' id='word_1_169' title='bbox 958 3692 1181 3757; x_wconf 87' lang='lat' dir='ltr'>Cantuariensi</span> <span class='ocrx_word' id='word_1_170' title='bbox 1201 3701 1234 3756; x_wconf 86' lang='lat' dir='ltr'>et</span> <span class='ocrx_word' id='word_1_171' title='bbox 1263 3749 1267 3756; x_wconf 82' lang='grc'><em>,</em></span> 
     </span>
    </p>
   </div>
   <div class='ocr_carea' id='block_1_6' title="bbox 280 3791 1235 4377">
    <p class='ocr_par' dir='ltr' id='par_1_6' title="bbox 280 3791 1235 4377">
     <span class='ocr_line' id='line_1_28' title="bbox 280 3791 1233 3881; baseline 0.002 -24"><span class='ocrx_word' id='word_1_172' title='bbox 280 3793 471 3857; x_wconf 86' lang='lat' dir='ltr'>coexulibus</span> <span class='ocrx_word' id='word_1_173' title='bbox 486 3791 562 3870; x_wconf 88' lang='lat' dir='ltr'>suis,</span> <span class='ocrx_word' id='word_1_174' title='bbox 579 3803 614 3855; x_wconf 89' lang='grc'>11</span> <span class='ocrx_word' id='word_1_175' title='bbox 628 3792 750 3873; x_wconf 88' lang='lat' dir='ltr'>amicis,</span> <span class='ocrx_word' id='word_1_176' title='bbox 761 3794 790 3857; x_wconf 88' lang='lat' dir='ltr'>si</span> <span class='ocrx_word' id='word_1_177' title='bbox 803 3794 884 3858; x_wconf 84' lang='lat' dir='ltr'>forte</span> <span class='ocrx_word' id='word_1_178' title='bbox 898 3816 982 3879; x_wconf 91' lang='lat' dir='ltr'>opus</span> <span class='ocrx_word' id='word_1_179' title='bbox 996 3792 1101 3871; x_wconf 78' lang='lat' dir='ltr'>fuerit,</span> <span class='ocrx_word' id='word_1_180' title='bbox 1112 3794 1233 3881; x_wconf 87' lang='lat' dir='ltr'>possim</span> 
     </span>
     <span class='ocr_line' id='line_1_29' title="bbox 281 3893 1235 3978; baseline 0 -21"><span class='ocrx_word' id='word_1_181' title='bbox 281 3893 480 3957; x_wconf 90' lang='lat' dir='ltr'>commodius</span> <span class='ocrx_word' id='word_1_182' title='bbox 496 3893 671 3974; x_wconf 85' lang='lat' dir='ltr'>suffragari,</span> <span class='ocrx_word' id='word_1_183' title='bbox 688 3916 786 3978; x_wconf 92' lang='lat' dir='ltr'>quum</span> <span class='ocrx_word' id='word_1_184' title='bbox 802 3916 862 3959; x_wconf 91' lang='lat' dir='ltr'>nec</span> <span class='ocrx_word' id='word_1_185' title='bbox 879 3896 946 3973; x_wconf 87' lang='lat' dir='ltr'>ille,</span> <span class='ocrx_word' id='word_1_186' title='bbox 961 3918 1021 3963; x_wconf 90' lang='lat' dir='ltr'>nec</span> <span class='ocrx_word' id='word_1_187' title='bbox 1044 3898 1091 3963; x_wconf 89' lang='lat' dir='ltr'>illi</span> <span class='ocrx_word' id='word_1_188' title='bbox 1113 3904 1235 3961; x_wconf 90' lang='lat' dir='ltr'>secreta</span> 
     </span>
     <span class='ocr_line' id='line_1_30' title="bbox 281 3992 1233 4083; baseline -0.001 -26"><span class='ocrx_word' id='word_1_189' title='bbox 281 4016 340 4058; x_wconf 89' lang='lat' dir='ltr'>sua</span> <span class='ocrx_word' id='word_1_190' title='bbox 354 3994 433 4058; x_wconf 88' lang='grc'>111111</span> <span class='ocrx_word' id='word_1_191' title='bbox 449 4004 602 4057; x_wconf 86' lang='lat' dir='ltr'>censeant</span> <span class='ocrx_word' id='word_1_192' title='bbox 616 3992 825 4059; x_wconf 86' lang='lat' dir='ltr'>occultanda:</span> <span class='ocrx_word' id='word_1_193' title='bbox 850 4018 922 4080; x_wconf 82' lang='lat' dir='ltr'>quoe</span> <span class='ocrx_word' id='word_1_194' title='bbox 943 3998 1016 4063; x_wconf 87' lang='lat' dir='ltr'>Deo</span> <span class='ocrx_word' id='word_1_195' title='bbox 1039 3996 1233 4083; x_wconf 86' lang='lat' dir='ltr'>propitiante</span> 
     </span>
     <span class='ocr_line' id='line_1_31' title="bbox 282 4092 1234 4181; baseline -0.004 -24"><span class='ocrx_word' id='word_1_196' title='bbox 282 4096 394 4159; x_wconf 90' lang='lat' dir='ltr'>celabo</span> <span class='ocrx_word' id='word_1_197' title='bbox 410 4092 556 4170; x_wconf 87' lang='lat' dir='ltr'>fideliter,</span> <span class='ocrx_word' id='word_1_198' title='bbox 566 4106 599 4159; x_wconf 93' lang='lat' dir='ltr'>et</span> <span class='ocrx_word' id='word_1_199' title='bbox 609 4095 655 4159; x_wconf 91' lang='lat' dir='ltr'>sic</span> <span class='ocrx_word' id='word_1_200' title='bbox 668 4097 962 4181; x_wconf 86' lang='lat' dir='ltr'>opportunitatibus</span> <span class='ocrx_word' id='word_1_201' title='bbox 973 4100 1148 4163; x_wconf 90' lang='lat' dir='ltr'>amicorum</span> <span class='ocrx_word' id='word_1_202' title='bbox 1159 4093 1234 4155; x_wconf 89' lang='lat' dir='ltr'>sub-</span> 
     </span>
     <span class='ocr_line' id='line_1_32' title="bbox 284 4190 1233 4280; baseline 0 -28"><span class='ocrx_word' id='word_1_203' title='bbox 284 4191 400 4255; x_wconf 88' lang='lat' dir='ltr'>sidium</span> <span class='ocrx_word' id='word_1_204' title='bbox 426 4195 533 4274; x_wconf 79' lang='lat' dir='ltr'>ieram,</span> <span class='ocrx_word' id='word_1_205' title='bbox 561 4204 597 4258; x_wconf 92' lang='grc'>11</span> <span class='ocrx_word' id='word_1_206' title='bbox 625 4195 660 4259; x_wconf 90' lang='lat' dir='ltr'>hi</span> <span class='ocrx_word' id='word_1_207' title='bbox 691 4197 746 4280; x_wconf 93' lang='lat' dir='ltr'>qui</span> <span class='ocrx_word' id='word_1_208' title='bbox 773 4195 813 4259; x_wconf 89' lang='lat' dir='ltr'>de</span> <span class='ocrx_word' id='word_1_209' title='bbox 843 4197 920 4261; x_wconf 86' lang='lat' dir='ltr'>fidei</span> <span class='ocrx_word' id='word_1_210' title='bbox 949 4219 1029 4261; x_wconf 81' lang='lat' dir='ltr'>mere</span> <span class='ocrx_word' id='word_1_211' title='bbox 1054 4190 1233 4258; x_wconf 87' lang='lat' dir='ltr'>sinceritate</span> 
     </span>
     <span class='ocr_line' id='line_1_33' title="bbox 284 4288 1234 4377; baseline -0.002 -23"><span class='ocrx_word' id='word_1_212' title='bbox 284 4306 489 4374; x_wconf 80' lang='lat' dir='ltr'>praesumunt,</span> <span class='ocrx_word' id='word_1_213' title='bbox 513 4293 717 4377; x_wconf 90' lang='lat' dir='ltr'>dispendium</span> <span class='ocrx_word' id='word_1_214' title='bbox 740 4317 806 4358; x_wconf 94' lang='lat' dir='ltr'>non</span> <span class='ocrx_word' id='word_1_215' title='bbox 829 4296 1000 4359; x_wconf 85' lang='lat' dir='ltr'>incurrant.</span> <span class='ocrx_word' id='word_1_216' title='bbox 1046 4294 1122 4357; x_wconf 90' lang='lat' dir='ltr'>Hoc</span> <span class='ocrx_word' id='word_1_217' title='bbox 1148 4288 1234 4353; x_wconf 87' lang='lat' dir='ltr'>enirn</span> 
     </span>
    </p>
   </div>
   <div class='ocr_carea' id='block_1_7' title="bbox 0 0 1549 5200">
    <p class='ocr_par' dir='ltr' id='par_1_7' title="bbox 0 0 1549 5200">
     <span class='ocr_line' id='line_1_34' title="bbox 0 0 1549 5200; baseline 0 0"><span class='ocrx_word' id='word_1_218' title='bbox 0 0 1549 5200; x_wconf 95' lang='lat' dir='ltr'> </span> 
     </span>
    </p>
   </div>
  </div>
 </body>
</html>
