3034 5200
280 731 343 790 248
523 741 661 788 tosuurs
684 741 960 787 saansasareuus
1146 723 1190 802 [s.
1205 744 1239 786 u.

284 917 324 959 an
352 893 392 958 ad
419 891 637 980 episcopatum
665 916 759 957 suum
787 895 895 978 potius
922 894 1025 958 redire
1051 892 1191 975 deberet,
1213 906 1245 958 et

283 998 367 1081 regis
382 995 515 1081 obsequi
531 995 698 1071 voluntati,
714 1017 753 1059 au
776 994 920 1059 assistere
941 995 1072 1060 domino
1087 993 1241 1059 Cantuar.

284 1119 342 1182 pro
356 1095 503 1161 libertate
515 1095 656 1162 ecclesiae
667 1109 699 1161 et
710 1096 894 1161 defensione
906 1095 1025 1161 diviuae
1036 1096 1127 1182 legis,
1135 1100 1242 1160 omnia

285 1221 381 1284 supra
396 1221 493 1283 quam
509 1198 572 1262 dici
595 1198 693 1284 possit
709 1198 850 1283 pericula
872 1199 903 1261 in
928 1222 960 1262 se
981 1211 1013 1262 et
1028 1199 1091 1263 suis
1113 1198 1240 1262 fortiter

283 1300 461 1366 sustinenti.
506 1299 702 1386 Exemplum
718 1299 894 1365 litterarum
911 1301 1044 1366 inferius
1059 1300 1239 1385 subjectum

283 1416 342 1468 est.
380 1407 622 1489 Exequutorem
640 1403 817 1468 voluntatis
832 1426 898 1468 suae
915 1416 946 1468 te
960 1403 1056 1467 faciat
1072 1402 1241 1481 Dominus,

284 1519 316 1571 et
332 1530 400 1570 eam
416 1506 490 1570 fidei
512 1505 736 1570 fortitudinem
751 1519 783 1570 et
806 1507 1069 1590 perseverantiam
1086 1505 1239 1586 conferat,

286 1620 321 1671 ut
331 1607 447 1672 fratres
459 1626 583 1670 coaevos
596 1618 628 1671 et
637 1618 781 1692 posteros
790 1606 821 1669 in
836 1607 948 1670 timore
960 1607 1090 1671 Domini
1102 1617 1134 1670 et
1149 1604 1238 1670 cultu

280 1707 418 1794 justitiae
434 1707 567 1774 feliciter
583 1706 687 1771 valeas
702 1707 862 1772 roborare.

301 2087 443 2152 EPIST.
469 2085 695 2150 cocu-an
710 2100 917 2146 conventum
934 2099 1228 2146 caurusumussu.

671 2184 716 2263 [a.
734 2204 765 2247 n.
785 2186 892 2266 utu]

491 2370 583 2433 Idem
600 2367 835 2433 cantuariensi
851 2368 1043 2433 concentui.

330 2503 494 2569 Vnsrnau
520 2503 648 2587 saepius,
674 2501 700 2564 si
730 2500 888 2566 reminisci
918 2501 1034 2588 placet,
1059 2503 1241 2567 commonui

286 2606 451 2670 caritatem
467 2604 617 2692 quatinus
639 2603 720 2690 patri
744 2615 848 2668 vestro
863 2614 895 2669 et
917 2604 1048 2669 domino
1068 2627 1126 2690 pro
1146 2605 1243 2669 liber·

285 2719 351 2774 tate
364 2708 508 2774 ecclesiae
518 2730 653 2792 agonem
665 2707 699 2771 iu
711 2725 837 2772 sextum
846 2729 979 2787 annum,
991 2708 1077 2795 quod
1088 2709 1243 2774 hacteuus

285 2810 393 2895 exegit
415 2808 596 2886 necessitas,
613 2808 811 2893 protrahenti
834 2807 971 2873 fideliter
992 2813 1044 2892 (ut
1065 2813 1243 2897 oportebat)

285 2909 487 2983 assisteretis,
500 2920 533 2974 et
544 2919 580 2972 ut
593 2908 871 2973 communicaretis
882 2910 1122 2978 necessitatibus
1133 2935 1244 2978 eornm

285 3014 341 3101 qui
367 3012 556 3079 acerbitates
585 3011 682 3089 exilii,
710 3012 945 3098 proscriptionis
975 3014 1105 3101 injurias
1130 3028 1243 3081 contu·

286 3116 399 3181 melias
426 3114 677 3197 detrahentium,
702 3129 969 3201 persequutorum
999 3119 1172 3201 molestias,
1202 3132 1242 3184 ne

286 3220 408 3282 furores
430 3217 563 3282 dixerim
587 3240 645 3303 pro
667 3218 766 3283 verbo
788 3220 924 3284 Domini
945 3222 1154 3306 pertulerunt.
1200 3222 1245 3288 Et

286 3318 409 3383 utinam
425 3318 576 3382 salutaria
591 3329 624 3382 et
644 3318 779 3384 honesta
792 3332 978 3387 mouentem
1001 3323 1177 3405 audissetis,
1191 3324 1243 3389 vel

286 3416 422 3484 audiatis
431 3416 548 3496 adhuc,
560 3440 601 3481 ne
614 3440 668 3482 vos
680 3420 779 3506 (quod
791 3422 887 3504 absit)
902 3424 996 3488 nimis
1008 3448 1078 3489 sero
1089 3426 1243 3510 poeniteat

275 3518 515 3586 incredulitatis
536 3529 569 3583 et
588 3518 716 3583 duritiae
737 3531 862 3585 vestrae.
909 3523 992 3587 Nam
1014 3547 1074 3610 ego
1088 3526 1242 3593 hacteuus

284 3623 374 3691 vobis
390 3632 426 3688 ut
441 3622 620 3688 Cassandra
635 3621 784 3708 Trojanis
799 3644 925 3709 semper
939 3646 1015 3691 vera
1029 3629 1242 3714 pronuncians

285 3728 395 3793 videor
412 3725 571 3791 insanire:
601 3737 635 3790 et
649 3726 691 3790 ab
710 3724 881 3793 incredulis
901 3725 1028 3806 dicitur,
1054 3731 1162 3796 Homo
1181 3732 1241 3797 iste

285 3832 326 3896 de
345 3829 440 3895 corde
460 3851 518 3894 suo
540 3829 718 3917 prophetat.
764 3829 808 3893 Et
824 3841 862 3895 ut
883 3830 1090 3917 simpliciores
1109 3835 1241 3901 inducat

285 3936 319 3999 in
343 3932 456 3998 erroris
481 3944 515 3996 et
540 3933 705 3997 infortunii
728 3933 778 3998 sui
801 3935 1004 4013 consortium,
1030 3938 1120 4002 vanis
1143 3949 1243 4004 terret

285 4036 433 4102 oraculis:
458 4046 491 4099 et
506 4057 593 4099 nunc
604 4048 727 4101 rectum
742 4035 937 4122 sapientibus
948 4037 1087 4107 intentat
1098 4043 1241 4122 adversa,

286 4162 372 4204 nunc
392 4135 668 4225 acquiescentibus
685 4159 834 4224 prospera
852 4139 1030 4226 pollicetur.
1078 4146 1143 4211 Sed
1165 4170 1241 4212 ecce

286 4241 319 4303 in
335 4241 474 4306 cervices
484 4239 687 4305 inimicorum
702 4241 847 4305 ecclesiae
860 4242 944 4308 Petri
956 4243 1082 4329 gladius
1093 4260 1241 4333 potenter

286 4355 415 4410 exertus
430 4358 488 4427 est,
504 4358 537 4409 et
559 4343 689 4409 Malcho
705 4344 765 4410 nisi
787 4344 926 4413 declinet
947 4345 1045 4416 ictum
1060 4351 1241 4437 amputabit
