3034 5200
265 697 329 758 288
526 713 663 758 scaurus
679 712 954 760 sanusnnamusrs
1124 699 1168 783 [a.
1185 720 1216 765 n.

267 862 363 929 Unde
382 862 510 926 domino
525 884 595 927 meo
610 863 757 949 episcopo
769 864 995 941 Wintoniensi,
1008 881 1132 954 quanta
1142 890 1216 955 pos·

265 986 336 1028 sum
351 965 466 1028 mentis
487 962 660 1040 alacritate,
683 964 899 1049 congratulor,
921 969 977 1052 qui
999 981 1176 1033 conventus
1197 994 1217 1034 a

260 1064 424 1151 judicibus
437 1077 471 1127 et
486 1063 662 1140 senioribus
677 1074 769 1129 terrae
793 1067 924 1131 Christo
938 1067 1072 1153 dignum
1087 1092 1218 1157 respon-

264 1187 334 1230 sum
364 1164 464 1240 dedit,
493 1177 526 1229 et
553 1165 740 1251 rescriptum
772 1167 877 1230 emisit
906 1191 1085 1254 congruum
1114 1177 1215 1250 oetati,

263 1267 460 1354 professioni,
484 1267 608 1343 honori,
631 1280 664 1333 et
689 1268 810 1353 generi,
833 1282 865 1334 et
887 1271 976 1356 quod
997 1272 1040 1336 ad
1062 1274 1215 1341 virtutem

262 1381 399 1456 poterat,
416 1369 497 1434 sicut
512 1382 545 1433 et
560 1368 671 1434 fecisse
686 1369 839 1447 creditur,
855 1372 1129 1460 compresbyteros
1150 1377 1215 1441 ani-

261 1493 358 1537 mare.
389 1474 472 1536 Nam
488 1484 520 1536 et
535 1469 581 1534 illi
593 1470 771 1535 tendiculas
784 1470 1001 1536 insidiantium
1013 1472 1217 1542 laudabiliter

261 1574 435 1638 eluserunt.
480 1571 551 1638 Alia
577 1573 656 1650 vice,
682 1573 709 1636 si
737 1572 884 1637 conventi
914 1572 1045 1649 fuerint,
1072 1574 1213 1642 locuturi

262 1677 395 1742 verbum
411 1674 485 1739 lidci
497 1687 529 1739 et
545 1673 687 1739 veritatis
698 1696 771 1737 cum
786 1673 922 1738 fiducia:
946 1675 1040 1761 plane
1054 1676 1215 1754 docentes,

260 1777 347 1865 quod
363 1776 510 1841 dominus
526 1797 580 1841 rex
592 1776 744 1841 hacteuus
752 1777 887 1842 abutens
898 1776 1074 1862 pernicioso
1084 1779 1216 1845 consilio

259 1878 419 1944 abductus
434 1891 481 1944 est
496 1878 527 1942 in
543 1877 676 1954 invium,
691 1889 724 1942 et
738 1900 801 1941 uon
817 1877 848 1941 in
865 1877 959 1956 viam,
975 1891 1007 1942 et
1023 1880 1215 1963 suadebunt,

260 1981 382 2046 utinam
405 1978 628 2066 persuadeant,
643 1992 679 2044 ut
702 1979 744 2043 ad
765 1979 846 2043 viam
869 1979 988 2057 redeat,
1002 1993 1095 2046 extra
1115 2005 1214 2067 quam

259 2082 373 2147 salvari
396 2104 458 2144 non
481 2092 597 2165 potest,
612 2102 669 2142 nec
690 2078 746 2144 diu
761 2081 913 2166 principis
935 2081 1001 2147 t'rui
1023 2080 1136 2166 gloria,
1150 2084 1212 2148 nisi

258 2203 331 2245 cum
347 2179 476 2244 ecclesia
491 2178 553 2242 Dei
567 2178 663 2243 faciat
678 2200 799 2264 pacem.
830 2182 898 2244 Nec
909 2204 966 2246 vos
977 2195 1101 2247 moveat
1113 2186 1215 2249 inanis

257 2278 405 2365 gloriatio
429 2300 550 2356 eorum,
573 2280 629 2363 qui
654 2278 818 2364 jactitant,
842 2281 935 2366 quod
960 2283 1109 2347 dominus
1130 2307 1215 2371 papa

258 2380 339 2456 illos,
355 2402 437 2467 quos
459 2379 715 2466 archiepiscopus
737 2384 1077 2464 excommunicaverat,
1099 2387 1215 2454 habeat

257 2481 429 2558 absolutos,
441 2482 515 2547 inde
530 2482 678 2548 solatium
694 2498 873 2570 quaerentes
888 2486 1022 2553 miseriae
1037 2510 1114 2569 suae,
1124 2489 1213 2576 quod

256 2586 301 2652 eis
315 2609 388 2651 cum
401 2584 619 2652 benedictione
630 2609 772 2652 caussam
789 2586 905 2653 dicitur
920 2588 1094 2675 delegasse,
1105 2605 1137 2657 et
1152 2593 1214 2657 hcc

256 2701 424 2775 postquam
441 2687 640 2752 anathemate
659 2687 862 2753 condemnati
878 2702 963 2755 sunt.
1008 2694 1093 2756 Nam
1113 2692 1213 2757 domi-

255 2813 333 2856 uum
344 2812 457 2877 popam
468 2802 598 2854 excusat
608 2790 800 2873 ignorantia,
813 2790 865 2854 cui
877 2791 1019 2855 noudum
1031 2791 1213 2861 innotuerat

255 2893 288 2957 in
303 2914 357 2957 eos
375 2890 710 2955 excommunicationis
730 2890 826 2955 latam
850 2913 917 2955 esse
939 2894 1138 2973 sententiam,
1154 2918 1212 2960 nec

254 3007 359 3061 tamen
371 3015 464 3079 prece
476 2992 524 3055 vel
537 2991 640 3077 pretio
651 2991 759 3056 induci
772 2992 890 3078 potuit,
900 3004 937 3057 ut
950 2993 1088 3080 aliquem
1100 3019 1208 3061 eorum

255 3115 380 3159 amano
396 3091 516 3155 domiui
529 3090 769 3156 cantuariensis
782 3091 946 3169 eximeret,
957 3093 1035 3178 quin
1045 3117 1105 3179 pro
1116 3096 1211 3160 modo

253 3194 357 3278 culpae
372 3216 425 3257 eos
439 3191 622 3276 percelleret
638 3192 805 3258 severitate
820 3192 982 3258 vindictae.
1013 3198 1087 3260 Hoc
1101 3209 1209 3261 autem

252 3308 374 3361 certum
405 3304 510 3356 teneat
541 3304 644 3355 vestra
669 3292 809 3372 dilectio,
833 3294 919 3379 quod
947 3295 1095 3362 dominus
1120 3321 1210 3362 meus

253 3392 490 3463 cantuariensis
515 3390 678 3478 praeelegit
705 3394 738 3455 in
768 3395 864 3459 exilio
896 3399 988 3476 mori,
1015 3422 1109 3486 quam
1141 3398 1207 3463 sinc

251 3495 391 3565 ecclesiae
413 3492 597 3558 liberatione
619 3492 733 3568 redire,
757 3516 825 3571 nec,
846 3512 975 3564 auctore
997 3505 1079 3581 Deo,
1098 3523 1208 3587 pacem

250 3602 393 3667 facturus
408 3607 466 3676 est,
481 3592 540 3658 nisi
563 3593 674 3659 utilem
697 3598 843 3679 posteris,
860 3610 892 3661 et
916 3611 979 3665 tam
996 3602 1208 3688 praeseutibus

250 3724 347 3790 quarn
362 3697 480 3765 futuris
495 3695 669 3762 honestam.
709 3695 741 3760 Si
758 3720 834 3763 vero
848 3714 1093 3787 persequutores
1108 3702 1207 3767 eccle·

250 3807 304 3871 site
327 3803 502 3888 perdurare
527 3800 558 3863 in
585 3799 706 3865 malitia
732 3799 940 3882 decreverint,
963 3803 1030 3889 ipse
1055 3806 1204 3887 quoniam

247 3908 373 3994 plenam
396 3902 516 3989 accepit
538 3914 738 3988 potestatem,
763 3906 985 3989 progredietur
1005 3901 1150 3978 ulterius,
1170 3916 1203 3967 et

247 4020 357 4074 contra
372 4010 474 4072 Deum
488 4004 520 4068 iu
532 4005 706 4069 exercenda
712 4006 841 4091 justitia
852 4003 931 4070 nulli
943 4002 1071 4069 omnino
1082 4017 1203 4090 parcet.

250 4110 370 4175 Valete.
