3034 5200
289 715 349 775 136
558 726 693 771 sciurus
712 725 990 772 saansaamausrs
1146 708 1191 788 [A.
1210 727 1240 772 n.

290 888 478 943 memoratos
505 877 639 941 honores
669 877 908 962 pertinentium,
936 878 1048 942 cedere
1075 879 1244 943 tenebatur

290 978 417 1044 domino
434 978 575 1041 Henrico
591 979 656 1042 filio
677 1002 745 1056 suo,
762 980 819 1064 qui
835 979 909 1043 inde
925 980 1102 1044 hominium
1118 993 1150 1044 et
1167 979 1244 1044 fide-

288 1082 412 1145 litatem
436 1083 504 1164 regi
527 1081 722 1144 Francorum
749 1094 858 1144 contra
880 1105 990 1146 omnes
1015 1082 1158 1146 homines
1180 1082 1243 1145 fac-

289 1194 381 1247 turus
403 1192 483 1253 erat,
504 1203 561 1245 nec
583 1181 705 1267 aliquid
726 1181 895 1246 debiturus
910 1183 993 1268 patri
1009 1184 1057 1248 vel
1078 1182 1244 1261 iratribus,

287 1285 345 1348 nisi
368 1284 455 1369 quod
479 1283 579 1368 exigit
602 1285 683 1348 ratio
704 1285 810 1348 meriti
826 1285 873 1347 vel
900 1298 1031 1350 naturae.
1077 1289 1240 1350 Ducatum

288 1408 363 1449 vero
379 1383 567 1470 Aquitaniae
586 1389 656 1469 lege
673 1385 767 1448 simili
783 1408 839 1448 rex
857 1387 1000 1450 Francus
1017 1386 1155 1450 Ricardo
1175 1387 1243 1449 filio

287 1486 370 1572 regis
397 1484 526 1571 Angliae
550 1488 753 1568 concedebat,
781 1486 860 1551 dans
888 1489 916 1551 ei
943 1489 973 1551 in
1005 1489 1241 1553 matrimonium

287 1589 381 1653 filiam
400 1613 500 1666 suam,
517 1591 570 1654 sed
589 1590 654 1654 sine
672 1590 759 1666 dote,
775 1611 849 1676 quae
866 1603 971 1654 tamen
988 1604 1054 1656 erat
1072 1614 1132 1679 pro
1148 1592 1241 1657 libitu

287 1690 426 1776 parentis
441 1690 642 1754 donationem
664 1702 796 1775 propter
815 1691 944 1775 nuptias
964 1706 1147 1778 acceptura.
1191 1695 1242 1756 De

289 1791 407 1854 Tolosa
424 1814 479 1854 nec
492 1793 610 1855 mentio
624 1792 735 1855 habita
750 1806 807 1855 est.
847 1793 970 1858 Milites
986 1795 1040 1881 qui
1056 1796 1244 1861 altrinsecus

287 1893 372 1978 capti
393 1905 493 1966 erant,
511 1891 670 1957 debebant
693 1892 830 1970 liberari,
851 1907 883 1958 et
903 1895 946 1959 sic
967 1897 1155 1962 consolidari
1178 1922 1241 1984 pax

288 2009 320 2059 et
345 1993 513 2058 concordia
539 2017 661 2079 regum.
707 1997 815 2073 Quum
839 2019 913 2059 vero
939 2021 994 2061 rex
1023 1999 1150 2083 Angliae
1176 2000 1241 2064 voti

288 2119 416 2180 compos
435 2096 558 2160 audiret
581 2097 727 2160 comitem
750 2099 927 2162 Henricum
950 2101 990 2163 ad
1012 2123 1045 2163 se
1064 2102 1181 2182 venire,
1204 2113 1241 2164 ut

287 2198 355 2260 haec
370 2196 520 2260 ineundae
535 2196 712 2259 concordiae
726 2196 831 2259 forma
843 2198 1094 2277 confirmaretur,
1106 2199 1235 2262 deman-

287 2299 376 2362 davit
398 2299 427 2360 ei
450 2321 489 2360 ne
512 2298 770 2384 progrederetur,
786 2301 987 2384 proficiscens
1001 2302 1033 2364 in
1051 2302 1238 2378 Pictaviam,

287 2416 323 2467 ut
341 2401 538 2464 Liziniacum
556 2413 694 2465 castrum
712 2402 852 2465 auferret
875 2403 1069 2487 proceribus,
1087 2405 1142 2491 qui
1156 2403 1238 2468 illud

286 2504 466 2568 readificare
496 2516 707 2567 convenerant
737 2517 769 2568 et
800 2505 933 2569 munire.
985 2508 1123 2571 Causam
1154 2530 1239 2578 vero,

287 2630 382 2694 quam
399 2629 471 2671 cum
493 2606 625 2669 Francis
646 2608 814 2680 tractabat,
832 2607 987 2671 commisit
1004 2609 1242 2696 archiepiscopo

288 2707 535 2795 Rotbomagensi
553 2720 584 2771 et
602 2707 741 2771 Ricardo
764 2706 804 2769 de
829 2708 958 2769 Humaz
982 2721 1013 2772 et
1038 2709 1177 2772 Ricardo
1199 2710 1240 2771 de

290 2812 370 2877 Luci
393 2812 562 2876 finiendam
581 2809 647 2873 vice
669 2831 742 2871 sua:
772 2829 908 2892 quorum
926 2808 1110 2892 juramenta
1131 2822 1242 2873 contra

287 2917 483 2980 voluntatem
500 2912 618 2977 domini
632 2911 679 2975 sui
691 2912 806 2973 Franci
822 2910 922 2972 nostri
939 2932 1000 2972 non
1013 2912 1240 2995 appreciantur

286 3018 336 3080 vel
359 3018 498 3079 obolum.
544 3014 641 3077 Unde
665 3037 719 3076 rex
745 3013 898 3087 Francus,
922 3024 1012 3076 ratus
1035 3036 1067 3075 se
1092 3012 1237 3077 delusum

287 3139 353 3179 esse
364 3116 438 3178 dolo
453 3115 553 3198 partis
568 3115 709 3190 alterius,
724 3114 884 3179 Bituricus
898 3114 1069 3201 indignans
1079 3117 1241 3201 profectus

287 3228 352 3279 est:
379 3216 490 3299 ibique
514 3238 533 3276 a
556 3216 741 3299 proceribus
765 3216 969 3280 Pictavorum
988 3217 1171 3303 juramenta
1193 3243 1241 3283 re-

286 3317 371 3400 cepit
386 3328 416 3377 et
440 3313 576 3393 obsides,
594 3313 682 3397 quod
704 3316 825 3377 nullam
848 3318 914 3379 sine
937 3319 1068 3383 consilio
1083 3333 1114 3383 et
1131 3322 1243 3383 volun-

287 3430 352 3481 tate
367 3416 436 3501 ejus
451 3437 524 3478 cum
540 3436 611 3497 rege
625 3413 753 3497 Angliae
768 3415 884 3479 facient
899 3440 1008 3502 pacem
1024 3421 1070 3483 eis
1084 3420 1238 3483 auxilium

287 3530 436 3582 mutuum
453 3514 688 3603 repromittens:
709 3528 741 3579 et
751 3516 936 3601 juramento
951 3521 1040 3584 Petri
1055 3520 1163 3583 fratris
1180 3520 1241 3599 sui,

287 3634 319 3685 et
341 3621 465 3684 comitis
489 3618 653 3704 Stephani,
669 3633 700 3681 et
718 3617 873 3681 Willelmi
896 3618 1005 3685 militis
1026 3621 1240 3697 Carnotensis,

287 3721 416 3783 firmans
438 3720 524 3806 quod
549 3743 605 3784 nec
627 3721 696 3807 ipse
717 3719 810 3784 faciet
834 3742 956 3807 pacem,
977 3722 1036 3784 nisi
1058 3721 1143 3784 facta
1164 3742 1241 3804 pace

287 3843 406 3895 eorum,
423 3835 454 3883 et
470 3822 530 3883 nisi
546 3823 591 3883 eis
606 3821 817 3903 restituantur
833 3821 949 3885 ablata.

332 3924 453 3986 Iterato
463 3921 571 4003 itaque
582 3921 635 3982 sed
647 3921 843 4004 diligentius,
852 3945 909 4006 per
919 3918 1102 3983 antedictos
1111 3921 1241 3985 comites

288 4030 485 4112 Campanum
496 4034 526 4085 et
539 4021 762 4085 Flandrensem
773 4026 838 4105 egit
851 4045 906 4084 rex
917 4020 1053 4104 Angliac,
1066 4038 1102 4086 ut
1111 4021 1241 4087 alterius

285 4130 368 4215 regis
395 4128 523 4190 baberet
549 4122 762 4208 colloquium:
794 4134 825 4186 et
848 4145 956 4207 pacem
984 4144 1043 4206 pro
1066 4123 1179 4201 forma,
1206 4126 1238 4189 in

285 4252 380 4313 quam
398 4238 619 4301 convenerant,
632 4224 827 4288 reformaret.
866 4226 910 4288 Et
922 4223 1051 4309 quidem
1069 4227 1100 4288 in
1117 4227 1238 4290 octavis

286 4327 423 4421 Pascbae·
439 4325 632 4412 colloquium
657 4324 797 4390 obtinuit
820 4323 1009 4410 optimatum
1028 4327 1236 4402 Francorum,
