3034 5200
278 703 387 784 ll67.]
657 719 837 764 nnsronn.
1186 707 1227 764 87

274 874 545 958 archiepiscopus,
565 873 652 958 quod
666 883 783 936 nostrae
806 868 909 953 gentis
931 872 1132 955 proverbium
1155 882 1220 936 cst:

275 977 368 1051 Quot
389 978 575 1040 taciturnus
598 975 750 1058 spiritum
772 975 948 1056 pretendit
971 972 1163 1054 confitentia,
1192 983 1225 1038 ct

273 1101 371 1164 quum
384 1100 443 1143 rex
458 1077 520 1143 sibi
537 1078 681 1141 videatur
694 1077 727 1139 in
744 1077 947 1159 possessione
956 1072 1224 1140 consuetudinum

273 1203 352 1260 esse,
367 1180 456 1244 etad
472 1201 526 1244 eas
541 1179 754 1242 observandas
776 1178 892 1260 injuste
908 1188 941 1241 et
957 1178 1114 1242 violenter
1132 1185 1227 1259 cogat

274 1282 456 1361 ecclesiam,
471 1282 499 1344 si
515 1280 560 1345 sic
577 1279 791 1343 taciturnitate
809 1280 979 1361 impetrata
994 1289 1131 1343 cessaret
1147 1299 1225 1342 con·

274 1384 391 1463 cursio,
420 1383 606 1448 auctoritate
628 1382 769 1444 maxime
790 1381 967 1462 legatorum
987 1380 1227 1458 interveniente,

275 1486 383 1549 statim
398 1485 461 1548 sibi
475 1493 507 1548 et
521 1484 592 1547 aliis
607 1481 768 1546 videretur
788 1483 963 1546 obtinuisse
986 1483 1020 1545 in
1037 1504 1134 1547 causa
1155 1482 1225 1546 ista.

276 1581 404 1668 Adjecit
414 1582 520 1661 etiam,
535 1604 568 1646 se
581 1584 676 1646 malle
691 1593 847 1666 perpetuo
857 1584 999 1660 exulare,
1013 1592 1046 1646 et
1056 1582 1226 1665 proscribi,

277 1696 320 1764 et,
335 1687 363 1748 si
377 1689 468 1750 Deus
482 1688 528 1749 ita
537 1685 704 1768 disposuit,
713 1707 772 1769 pro
781 1684 917 1768 justitiae
934 1684 1121 1748 defensione
1136 1684 1227 1763 mori,

278 1809 374 1870 quam
399 1787 433 1848 iu
462 1787 572 1850 salutis
602 1808 668 1850 suae
699 1786 913 1869 dispendium,
944 1797 976 1849 et
1004 1785 1226 1869 praejudicium

278 1889 503 1952 ecclesiasticae
532 1888 689 1952 libertatis
718 1889 803 1951 hanc
834 1889 921 1951 ineat
948 1907 1073 1970 pacem.
1136 1887 1228 1950 Deus

277 1987 362 2051 enim
377 1998 426 2050 est
441 1989 497 2071 qui
511 1990 543 2051 in
554 1990 629 2052 talia
642 2009 758 2053 caussa
769 1999 872 2053 tacere
881 1988 1029 2072 prohibet
1038 1987 1229 2063 sacerdotes,

277 2090 333 2173 qui
355 2090 630 2154 dissimulantibus
651 2091 832 2173 gehennam
852 2089 1052 2173 praeparavit,
1071 2089 1128 2153 ubi
1142 2091 1231 2153 nulla

276 2190 336 2254 erit
360 2191 569 2255 dissimulatio
589 2212 706 2275 poeuae.
751 2193 872 2255 Lectus
892 2202 941 2254 est
961 2202 994 2256 et
1007 2193 1133 2255 libellus
1152 2193 1229 2256 abo·

279 2291 492 2357 minationum
507 2295 645 2372 illarum,
668 2303 700 2356 et
722 2294 926 2376 quaesiturae
942 2293 1167 2372 cardinalibus
1187 2314 1230 2356 an

277 2416 297 2457 a
322 2394 512 2458 Christianis
540 2396 617 2458 talia
641 2393 738 2459 liceat
763 2396 935 2473 observari,
964 2395 1083 2458 nedum
1113 2416 1132 2459 a
1155 2416 1229 2479 pas·

277 2495 400 2558 toribus
423 2493 625 2560 dissimulari.
671 2492 834 2578 Progressi
859 2497 998 2561 suntad
1024 2497 1116 2560 aliam
1143 2517 1231 2579 quae·

278 2597 426 2672 stionem,
450 2597 650 2662 sciscitantes
679 2621 721 2662 an
750 2601 847 2662 vellet
870 2621 979 2663 eorum
1002 2597 1126 2682 judicio
1150 2610 1231 2662 stare

279 2700 450 2783 superbis,
469 2721 544 2784 quae
559 2701 641 2764 inter
659 2701 766 2785 ipsum
781 2712 813 2765 et
826 2722 932 2783 regom
953 2711 1126 2765 vertuntur.
1170 2703 1231 2764 Illc

277 2813 382 2867 autem
404 2803 444 2866 de
467 2825 572 2868 causae
595 2825 629 2867 se
659 2804 842 2867 sinceritate
865 2803 1027 2868 confidere
1056 2802 1232 2885 respondit,

279 2916 310 2967 et
319 2927 416 2988 quum
427 2907 497 2990 ipse
510 2917 541 2969 ct
552 2906 612 2983 sui,
622 2906 678 2991 qui
689 2928 708 2969 a
720 2916 863 2987 tempore
873 2908 976 2968 multo
988 2904 1134 2969 destituti
1145 2915 1231 2980 sunt,

278 3008 374 3088 plene
395 3008 513 3070 fuerint
535 3007 575 3072 ad
597 3008 705 3070 omnia
723 3007 871 3082 restituti,
886 3007 995 3070 habita
1016 3006 1136 3070 ratione
1154 3028 1228 3070 cau-

199 3113 202 3119 '
282 3127 388 3169 sarum
403 3127 516 3186 rerum,
532 3122 564 3172 et
578 3110 744 3191 temporis,
763 3109 829 3192 juri
845 3110 982 3173 libenter
996 3110 1182 3192 pariturum,
1197 3119 1230 3174 et

281 3228 316 3270 se
332 3228 390 3271 nec
401 3228 506 3290 posse,
521 3231 581 3273 nec
594 3211 674 3274 velle
686 3209 859 3288 declinare,
869 3211 959 3294 quin,
969 3210 1037 3289 ubi,
1048 3220 1080 3273 et
1091 3211 1233 3295 quaudo,

282 3320 313 3372 et
329 3310 490 3392 quomodo
501 3311 640 3388 debebit,
653 3314 767 3375 subeat
776 3313 937 3396 judicium
947 3312 1027 3396 ejus,
1037 3314 1086 3375 vel
1095 3314 1233 3392 illorum,

281 3410 383 3494 cujus,
406 3412 457 3473 vel
480 3433 611 3493 quorum
629 3412 753 3497 judicio
776 3411 926 3476 dominus
948 3433 1035 3495 papa
1056 3433 1128 3475 eum
1151 3422 1234 3477 stare

281 3512 396 3575 debere
415 3511 607 3577 decreverit:
630 3516 756 3577 interim
780 3535 814 3577 se
836 3523 869 3576 et
883 3534 958 3576 suos
980 3512 1021 3575 ad
1043 3512 1233 3593 litigandum

279 3614 382 3695 urgeri
396 3635 463 3676 non
478 3635 583 3697 posse,
599 3614 893 3697 uecpaupertatem
909 3635 1000 3677 suam
1015 3612 1056 3675 ad
1068 3614 1130 3675 hoc
1145 3616 1231 3677 suffi-

279 3735 361 3790 cere,
376 3714 430 3777 cui
452 3716 548 3778 etiam
570 3717 721 3780 victualia
739 3717 867 3791 desunt,
882 3715 946 3777 nisi
968 3712 1234 3780 christianissimi

279 3818 362 3899 regis
379 3818 575 3880 Francorum
590 3820 675 3880 vivat
695 3819 854 3901 expensis.
899 3817 1012 3879 Noluit
1032 3816 1117 3880 euim
1132 3818 1236 3900 prima

280 3918 361 3980 facie
391 3918 553 3982 declinare
572 3918 744 4003 judicium,
773 3919 832 3982 etsi
861 3919 1000 4003 aliquem
1029 3940 1140 3982 eorum
1160 3918 1235 4001 juro

281 4020 404 4103 optimo
425 4032 537 4103 posset
558 4022 675 4083 habere
698 4031 893 4103 suspectum,
916 4042 957 4083 no
984 4040 1129 4083 caussam
1151 4018 1235 4097 regis

277 4120 455 4206 justificare
471 4122 640 4201 videretur,
655 4144 717 4186 nec
734 4143 768 4185 se
784 4123 833 4185 liti
847 4123 1045 4203 immergere,
1063 4117 1235 4199 antequam

284 4222 326 4284 ad
341 4225 447 4287 omnia
462 4226 505 4290 sit
517 4228 693 4306 restitutus,
707 4238 743 4288 ut
765 4226 868 4308 possit
889 4242 1016 4288 causam
1040 4217 1236 4284 sufficienter

285 4320 449 4403 instruere,
464 4337 499 4389 ut
515 4328 689 4409 quemlibet
711 4326 843 4387 divitem
859 4321 1073 4386 adversarium
1093 4337 1159 4379 nou
1175 4318 1237 4382 for-
