3034 5200
280 713 340 772 198
540 725 676 770 maurus
691 724 973 771 sanassnnurusrs
1140 712 1186 792 [a
1205 731 1237 776 n.

283 899 356 940 cum
372 874 474 939 lilium
485 876 569 960 regis
585 873 713 960 Angliae
727 875 796 960 regi
809 876 1003 940 Francorum
1017 899 1076 962 pro
1086 878 1238 945 omnibus

283 976 459 1041 hominium
479 976 600 1053 fecisse,
623 976 753 1061 quando
775 976 856 1040 inter
876 976 982 1062 ipsum
997 992 1028 1041 et
1045 977 1142 1042 filiam
1156 981 1240 1065 ejus·

284 1076 355 1141 dem
372 1075 456 1160 regis
470 1075 596 1159 Angliae
612 1074 770 1159 sponsalia
781 1086 944 1139 contracta
958 1088 1042 1140 sunt.

327 1181 504 1262 Receperat
533 1189 606 1240 ante
640 1198 759 1261 paucos
788 1176 855 1239 dies
887 1198 942 1239 rex
973 1176 1154 1261 Anglorum
1182 1202 1240 1265 per

283 1279 427 1343 sanctiss.
449 1277 554 1342 virum
571 1277 706 1362 priorem
722 1276 764 1339 de
779 1288 886 1341 monte
901 1277 975 1355 Dei,
986 1291 1019 1342 et
1029 1279 1098 1363 jarn
1113 1278 1239 1344 dictum

282 1379 482 1445 Bernardnm
497 1378 537 1443 de
560 1377 793 1444 Grandimonte
808 1400 868 1462 pro
891 1379 1112 1443 cantuariensi
1133 1381 1237 1446 archi·

281 1481 429 1567 episcopo
450 1477 705 1544 commonitorias
730 1477 852 1543 domini
873 1501 977 1564 papae,
1006 1503 1144 1565 quarum
1175 1482 1235 1547 tibi

280 1582 463 1669 exemplum
486 1581 589 1661 mitto,
611 1581 763 1665 pacisque
785 1579 958 1665 probandoe
980 1604 1069 1667 spem
1090 1582 1235 1664 dederat,

280 1685 307 1748 si
322 1684 417 1748 modo
439 1681 589 1748 dominus
614 1683 765 1746 Cantuar.
790 1681 819 1744 ei
833 1704 938 1746 coram
961 1683 1144 1750 hominibus
1165 1708 1235 1772 spe-

279 1785 358 1852 ciem
388 1785 578 1851 humilitatis
606 1784 831 1869 praetenderet,
859 1802 1125 1875 persuaseratque
1157 1791 1234 1857 viris

280 1887 436 1971 religiosis
450 1885 539 1973 quod
553 1907 627 1950 eum
642 1885 674 1948 in
689 1885 775 1950 omni
791 1886 910 1952 honore
925 1902 958 1954 et
973 1889 1120 1956 libertate
1134 1892 1233 1957 eccle·

279 1988 334 2054 siae
349 1988 448 2053 totius
470 1989 558 2071 regui
581 1999 653 2072 post
668 2011 701 2051 se
723 1987 887 2051 dominum
902 2002 935 2055 et
957 1990 1133 2076 principem
1159 2016 1234 2058 con.

278 2090 413 2154 stituere
436 2088 635 2173 disponebat,
658 2088 743 2153 unde
764 2089 948 2155 eorumdem
964 2092 1096 2157 oonsilio
1110 2094 1233 2159 accitus

277 2189 532 2274 archiepiscopus
561 2211 676 2273 arege
706 2190 988 2270 Christianissimo,
1017 2216 1089 2258 cum
1116 2217 1234 2260 coexu.

276 2291 415 2356 lantibus
430 2289 489 2353 sibi
504 2289 580 2355 huic
588 2289 749 2375 colloquio
762 2291 920 2370 interfuit,
935 2306 968 2358 et
982 2293 1015 2358 in
1030 2297 1117 2361 omni
1128 2295 1232 2362 humi·

274 2393 365 2458 litate
378 2391 470 2456 flexis
483 2391 620 2476 genibus
633 2390 675 2455 ad
689 2392 774 2477 regis
788 2393 839 2458 sui
854 2393 951 2478 pedes
965 2395 1093 2462 accessit
1108 2397 1142 2461 in
1156 2419 1231 2462 con-

276 2505 387 2581 spectu
401 2493 563 2558 omnium:
588 2493 647 2557 hac
661 2493 765 2558 forma
780 2495 952 2561 verborum
965 2508 1076 2563 utens:
1099 2500 1121 2534 “
1136 2501 1228 2564 mise-

275 2596 386 2663 remini
401 2596 474 2676 mei,
496 2595 647 2673 Domine,
670 2596 746 2681 qnia
768 2618 853 2682 pono
878 2619 929 2661 me
950 2596 983 2661 ln
999 2601 1070 2663 Deo
1091 2613 1124 2665 et
1140 2602 1231 2667 vobis

275 2699 317 2765 ad
331 2700 481 2765 honorem
499 2697 560 2763 Dei
575 2710 606 2762 et
624 2698 794 2762 vestrum.’'
816 2697 881 2764 Sed
896 2721 953 2763 rex
968 2699 1024 2785 qni
1036 2722 1145 2786 pacem
1156 2724 1232 2788 pro.

275 2802 403 2866 miserat
428 2798 578 2876 ecclesiae,
605 2798 683 2862 dum
710 2798 843 2864 timebat
868 2821 958 2866 snam
980 2824 1073 2887 posse
1095 2804 1230 2886 turbari,

275 2902 471 2966 successibus
485 2900 575 2964 novis
586 2898 689 2963 elatus
702 2899 852 2984 prorupit
867 2898 899 2964 in
915 2903 1141 2969 contumeliam
1152 2928 1229 2992 snp-

274 3002 433 3087 plicantis,
455 3013 488 3065 et
509 2998 709 3085 impudentia
731 2998 884 3084 loquendi
907 3004 1094 3086 promeruit,
1117 3006 1227 3092 utqui

275 3114 369 3165 antea
389 3100 494 3165 minus
516 3120 621 3175 verus,
637 3121 722 3164 nunc
737 3122 757 3162 a
772 3099 904 3164 Francis
926 3100 1081 3169 habeatur
1094 3118 1127 3169 et
1142 3106 1229 3171 inur-

272 3202 384 3264 banus.
429 3201 475 3263 Et
497 3210 535 3262 ut
557 3220 684 3263 causam
706 3221 808 3275 suam,
832 3223 929 3285 quam
950 3224 1060 3268 omnes
1081 3206 1226 3293 iniquam

272 3312 436 3376 noverant,
458 3319 561 3361 coram
582 3299 778 3363 sanctissimo
799 3313 922 3384 regest
938 3301 1008 3370 aliis
1030 3304 1228 3392 principibus
1307 3303 1316 3322 ‘

267 3400 470 3484 justificaret,
484 3398 692 3463 contumelias
706 3412 738 3465 et
758 3400 883 3467 fabulas
905 3403 964 3469 hoo
978 3405 1041 3471 fine
1055 3408 1226 3475 concludit.

274 3508 295 3541 ‘⁶
312 3499 414 3580 Nihil,
434 3497 562 3563 domine
577 3498 621 3563 mi
636 3521 692 3565 rex
707 3512 739 3565 ct
755 3524 811 3565 vos
823 3506 923 3569 sancti
943 3507 1051 3573 viriet
1066 3509 1227 3596 principes

272 3602 327 3689 qui
342 3600 471 3679 adestis,
486 3600 576 3665 aliud
597 3600 638 3665 ab
653 3601 891 3691 archiepiscopo
909 3621 996 3692 peto,
1012 3609 1073 3674 nisi
1096 3623 1133 3676 ut
1148 3610 1227 3676 mihi

269 3717 372 3769 servet
394 3701 638 3769 consuetudines
661 3726 742 3789 quas
763 3705 907 3792 quinque
930 3710 1067 3794 proximi
1082 3725 1226 3777 anteces-

270 3827 356 3869 sores
379 3806 441 3882 sui,
470 3827 608 3890 quorum
638 3804 739 3889 aliqui
767 3809 868 3873 sancti
893 3822 981 3884 sunt,
1006 3822 1039 3873 et
1062 3810 1224 3876 miraculis

269 3917 448 3981 coruscant,
463 3905 541 3968 meis
557 3905 819 3986 observaverunt,
838 3930 920 3995 quas
934 3922 966 3973 et
981 3910 1051 3993 ipse
1065 3909 1223 3993 promisit,

267 4020 299 4070 et
329 4003 388 4068 hoc
418 4004 450 4068 in
480 4005 648 4089 praesentia
678 4020 785 4071 vestra
814 4021 966 4092 tanquam
996 4006 1165 4092 presbyter
1187 4023 1220 4075 et

267 4107 435 4192 episcopus
450 4104 595 4169 similiter
610 4104 677 4171 sine
692 4107 776 4171 malo
791 4105 917 4190 ingenio
931 4106 1009 4171 mihi
1019 4106 1217 4193 polliceatur.

268 4209 349 4270 Haec
359 4218 407 4271 est
418 4208 502 4270 enim
515 4205 680 4271 solacausa
691 4207 893 4271 dissensionis
901 4205 985 4271 inter
998 4230 1048 4273 ms
1058 4220 1091 4274 et
1099 4209 1217 4296 ipsum,

268 4305 353 4389 quod
370 4328 424 4371 eas
438 4303 594 4390 infringit,
611 4301 643 4370 et
659 4305 814 4390 quasdam
830 4325 937 4371 earum
953 4328 1026 4375 cum
1037 4309 1219 4377 observato·
