3034 5200
303 732 363 793 116
557 750 692 797 11111111
709 753 990 799 1111111111111111
1157 740 1201 818 [a.
1219 760 1250 803 n.

356 1011 577 1077 EPlSTOLA
600 1015 818 1080 CCXL—ao
833 1036 1063 1082 aanouwruuu
1078 1038 1196 1083 anom-

445 1132 619 1178 nncouou
634 1136 864 1180 nxoumusau.
890 1119 935 1198 [1.
949 1139 980 1183 u.
999 1120 1107 1198 llos]

298 1273 441 1337 Jounaes
464 1259 590 1339 Sorech.
613 1276 775 1358 Moyistro
802 1279 993 1342 Boldewino
1016 1280 1252 1343 Archida'ocono

682 1380 873 1444 annieosi.

343 1515 410 1577 Uul
434 1512 474 1578 de
496 1515 587 1578 seriis
608 1516 722 1597 agitur,
744 1537 849 1596 nugas
870 1518 1083 1602 multiplicare
1105 1541 1170 1582 nou
1194 1543 1249 1584 ex·

297 1614 405 1697 pedit:
431 1628 464 1680 11
482 1616 637 1680 indecens
657 1629 706 1680 est
731 1617 941 1695 (medicorum
962 1641 1049 1683 more
1072 1621 1249 1703 fallacium)

296 1738 394 1799 quum
403 1718 578 1780 necessitas
588 1717 675 1779 aliud
684 1718 796 1798 exigit,
805 1719 916 1782 amicis
925 1719 1145 1803 indigentibus
1154 1727 1251 1786 rerba

295 1816 370 1879 dare
385 1838 443 1900 pro
460 1818 564 1879 rebus.
595 1819 689 1880 Nosti
705 1818 829 1901 pridem
844 1821 1053 1884 nominalium
1070 1832 1194 1886 tuorum
1211 1847 1249 1887 eo

297 1918 374 1980 milri
399 1919 505 1981 minus
526 1921 655 2001 placere
674 1921 863 1983 seutentiam
883 1923 969 2005 quod
989 1924 1024 1985 in
1048 1926 1248 1988 sermonibus

296 2032 363 2084 tota
372 2022 550 2084 consistens
560 2021 728 2083 utilitatem
739 2043 842 2085 rerum
851 2045 916 2086 non
927 2027 1142 2107 assumpserit,
1150 2048 1247 2109 quum

297 2131 419 2186 rectum
449 2122 647 2205 sapientibus
675 2121 847 2186 indubium
877 2126 919 2188 sit
944 2124 1033 2209 quod
1055 2147 1104 2188 res
1134 2128 1247 2209 quaerit

293 2225 499 2312 philosophia
513 2245 577 2286 non
589 2224 694 2286 verba.
726 2226 773 2288 Ut
787 2247 863 2306 ergo
879 2226 1137 2310 compendiosius
1152 2250 1245 2310 agam

294 2344 400 2395 tecum
423 2348 565 2391 meorum
588 2348 674 2389 more
697 2328 840 2406 realium,
856 2350 897 2391 ex
912 2329 1025 2393 litteris
1048 2350 1120 2413 quae
1135 2342 1245 2393 nostro

294 2432 473 2498 Benedicto
490 2429 619 2492 directae
634 2439 708 2492 suut
731 2430 863 2512 colliges
878 2431 911 2492 in
928 2453 992 2515 quo
1008 2432 1134 2495 calculo
1150 2454 1246 2496 causa

295 2534 465 2604 sacerdotii
487 2543 630 2595 versetur
658 2541 691 2594 et
715 2533 817 2613 regni.
867 2533 944 2596 Tibi
967 2554 1041 2596 vero
1067 2532 1246 2617 specialiter

293 2638 496 2707 scribendum
521 2635 642 2713 censui,
668 2634 755 2719 quod
781 2635 906 2697 interim
930 2637 1057 2716 gravius
1080 2639 1246 2700 exulcerat

291 2744 430 2808 animam
455 2761 570 2817 meam,
596 2750 629 2801 11
658 2759 714 2800 111
737 2749 838 2814 tuum,
864 2748 899 2798 ut
928 2734 1072 2814 arbitror,
1097 2737 1244 2800 acerbius

291 2859 377 2912 uret:
401 2846 429 2910 si
444 2854 549 2908 tamen
565 2862 673 2904 verum
689 2851 738 2904 est
752 2836 840 2923 quod
854 2837 894 2900 de
909 2837 1113 2919 Wigomensi
1135 2849 1243 2902 nostro

288 2949 466 3018 inauribus
485 2946 655 3007 multorum
679 2941 853 3021 divulgavit
866 2940 952 3003 fama
971 2940 1137 3002 celebrior.
1183 2940 1242 3002 Di-

290 3060 373 3122 citur
396 3051 480 3115 enim
505 3046 593 3130 quod
616 3042 852 3127 imprudentius
878 3052 910 3104 11
932 3040 1152 3123 impudentius
1175 3063 1242 3105 ver-

219 3221 221 3225 ,
290 3169 377 3224 satus
393 3153 487 3217 estin
508 3169 605 3213 causa
621 3147 864 3229 archiepiscopo
880 3156 912 3207 et
927 3145 1158 3207 consecratoris
1180 3145 1240 3215 sui,

289 3271 423 3327 conatus
444 3277 486 3318 ex
508 3273 546 3313 eo
565 3251 599 3313 in
620 3250 791 3333 praesentia
812 3247 1035 3330 episcoporum
1057 3260 1089 3309 et
1109 3247 1242 3309 aliorum

289 3365 405 3429 docere
436 3376 566 3421 causam
595 3350 716 3416 domini
746 3350 987 3413 Cautuariensis
1016 3371 1081 3411 nou
1111 3348 1171 3410 niti
1201 3346 1241 3409 de

288 3462 469 3532 sinceritate
486 3455 631 3540 justitiae,
646 3473 705 3515 nec
722 3453 869 3515 ecclesiae
890 3471 1031 3533 quaerere
1051 3450 1241 3521 libertatem,

289 3569 344 3635 sed
369 3565 527 3628 duntaxat
543 3578 614 3641 quae
638 3576 695 3618 sua
717 3565 801 3629 sunt,
824 3574 889 3617 non
912 3575 986 3635 quae
1006 3554 1086 3615 Jesu
1109 3549 1241 3626 Christi,

289 3671 365 3755 quia
381 3663 493 3728 cedere
515 3682 580 3722 non
598 3659 665 3720 vult
686 3677 725 3719 ea
745 3655 931 3718 conditione
953 3666 989 3717 ut
1011 3674 1068 3716 rex
1083 3662 1239 3734 perpetuo

288 3765 445 3837 concedat
460 3763 598 3824 debitam
614 3758 759 3821 ecclesiae
775 3756 963 3818 libertatem.
1002 3752 1129 3815 Dicitur
1143 3752 1239 3814 etiam

286 3868 442 3958 adjecisse
478 3861 662 3924 insultando
699 3882 733 3922 se
770 3870 912 3942 paratum
944 3878 1014 3920 1111
1050 3856 1239 3918 renunciare

286 3965 486 4061 episcopatui
511 3983 569 4025 suo
595 3963 654 4023 sub
681 3961 794 4023 eodem
822 3974 929 4043 pacta.
974 3956 1070 4031 Quod
1092 3969 1127 4019 ut
1150 3956 1240 4019 aiunt

285 4098 344 4142 nec
360 4073 423 4138 illis
438 4064 571 4153 placuit,
587 4062 642 4145 qui
657 4062 740 4124 hanc
756 4062 927 4143 puritatem
941 4062 1042 4146 ipsius
1058 4058 1239 4133 audierunt,

285 4192 352 4242 tum
368 4194 424 4258 pro
444 4187 581 4253 persona
603 4161 740 4225 dicentis
762 4183 858 4244 quam
878 4163 1065 4244 diligebant,
1080 4173 1113 4224 et
1127 4159 1239 4242 opina·

286 4285 404 4343 bantur
420 4270 552 4335 sanioris
574 4288 644 4331 1111
668 4264 796 4327 11111111
816 4275 849 4326 11
864 4265 1057 4327 voluntatis:
1080 4275 1148 4326 tum
1164 4261 1241 4346 quia

285 4375 501 4464 perniciosum
524 4379 608 4432 esset
629 4365 799 4448 exemplo:
824 4374 893 4426 tum
916 4364 993 4447 quia
1015 4363 1108 4426 facile
1130 4369 1240 4445 posset
