3034 5200
288 703 329 762 96
542 716 678 760 ausurus
693 713 968 759 saaasnaarnssrs
1143 697 1189 775 [s.
1206 715 1238 758 n.

289 867 565 950 archiepiscopum
589 868 742 931 miserunt
762 867 892 930 domino
912 888 1004 949 papae
1025 866 1110 929 sicut
1129 867 1238 929 multis

290 966 429 1030 innotuit
444 967 499 1050 qui
513 966 723 1030 interfuerunt
743 966 905 1047 colloquio
920 987 1048 1029 eorum:
1071 975 1105 1028 et
1120 987 1239 1028 memo-

290 1068 350 1132 rati
379 1067 625 1131 cantuarienses
651 1066 819 1130 audientes
844 1076 877 1130 et
901 1069 996 1150 plene
1022 1067 1239 1147 intelligentes

290 1171 404 1234 factam
434 1170 481 1233 eis
510 1171 551 1232 ab
581 1169 825 1252 archiepiscopo
861 1168 1112 1251 responsionem,
1142 1152 1249 1253 quam*

289 1281 396 1335 tamen
408 1271 461 1334 isti
471 1271 657 1334 Balaamitae
669 1291 818 1353 perversa
827 1269 1086 1350 interpretatione
1099 1271 1240 1333 toxicare

291 1374 398 1437 eonati
412 1384 496 1448 sunt,
512 1383 543 1435 ct
562 1372 814 1435 insinuationum
830 1371 956 1435 fallacia
975 1393 1095 1433 meram
1111 1374 1240 1434 subver-

291 1484 356 1539 tere
372 1475 546 1538 veritatem.
590 1475 612 1537 J
614 1484 758 1537 uraverat
772 1473 857 1536 enirn
874 1471 1170 1536 Christianissimus
1184 1496 1242 1536 rex

292 1577 380 1661 quod
402 1578 552 1663 praesatus
567 1576 807 1640 centuariensis
828 1596 896 1637 non
918 1574 1013 1638 modo
1034 1597 1100 1638 non
1121 1577 1180 1639 suit
1195 1577 1243 1638 in-

293 1691 404 1743 centor
429 1675 595 1741 discordiae
619 1697 740 1757 regum,
762 1675 819 1738 sed
842 1675 1031 1739 conciliator
1051 1677 1244 1753 concordiae,

292 1791 326 1845 et
339 1790 494 1863 quantum
508 1778 611 1852 licuit,
626 1778 717 1860 pacis
733 1776 869 1860 adjutor,
880 1788 913 1840 et
923 1791 1111 1860 cooperator
1125 1800 1245 1855 eornm,

293 1882 349 1966 qui
379 1902 448 1944 eam
478 1879 647 1962 plurimum
680 1878 903 1961 exquirebant.
963 1879 1151 1943 Debuerant
1177 1880 1245 1961 regi

294 1980 467 2046 credidisse
491 1978 630 2062 juranti:
661 1976 724 2040 nisi
750 1978 889 2061 quiade
911 1979 979 2042 suis
1001 1981 1142 2042 moribus
1165 1980 1244 2042 alios

294 2081 462 2144 metientes
476 2100 535 2141 nec
556 2080 628 2141 Deo
643 2099 703 2141 nec
719 2078 903 2141 hominibus
924 2080 1045 2143 habeut
1064 2079 1172 2157 fidem,
1186 2080 1243 2141 ubi

295 2181 397 2246 dolosi
420 2201 493 2263 spes
514 2179 668 2242 refulserit
688 2181 820 2243 nummi,
866 2182 911 2244 Et
933 2182 1064 2266 quidem
1086 2180 1125 2244 de
1147 2182 1244 2244 altero

295 2303 388 2347 nemo
404 2283 545 2358 miratur,
560 2282 652 2366 cujus
666 2281 747 2345 fides
770 2281 811 2346 ad
835 2283 943 2347 Deum
958 2295 991 2348 et
1005 2285 1186 2348 Ecclesiam
1203 2285 1243 2347 ab

296 2406 334 2449 ea
349 2383 400 2447 die
416 2383 730 2462 innotuissedebuit,
743 2406 806 2467 qua
821 2385 855 2447 in
870 2386 1091 2450 haereticorum
1106 2386 1245 2449 concilio
1283 2437 1286 2442 .

302 2484 466 2569 Papiensi,
482 2484 538 2548 ubi
562 2485 756 2549 Octavianus
779 2487 991 2552 haeresiarcha
1013 2500 1159 2573 receptus
1181 2498 1246 2552 est:

297 2585 466 2651 Frederico
478 2594 585 2650 mutus
597 2585 734 2653 assedit:
758 2596 791 2652 et
802 2588 828 2651 si
840 2589 950 2671 plures
962 2589 1132 2673 opinentur
1148 2612 1247 2675 quum

297 2710 483 2772 expressum
500 2686 625 2753 dedisse
638 2710 837 2752 consensum.
878 2690 995 2751 Nonne
1009 2691 1247 2774 proverbialiter

295 2788 402 2854 tritum
414 2799 473 2865 est,
482 2790 570 2874 quod
581 2791 806 2854 “taciturnitas
815 2791 955 2872 imitatur·
964 2789 1224 2853 concessionem?
1233 2791 1250 2818 ”

297 2893 355 2956 sed
377 2892 514 2956 tuebitur
538 2913 571 2955 se
591 2894 700 2975 regula
718 2890 813 2975 juris,
835 2900 867 2955 et
890 2891 917 2954 si
941 2890 1041 2953 divini
1061 2891 1143 2974 juris
1170 2913 1246 2956 con-

298 3003 435 3076 temptor
461 2994 518 3056 sit:
551 2995 627 3077 quia
654 2994 711 3078 qui
732 3002 818 3058 tacet
843 3014 908 3056 non
930 2993 1041 3077 utique
1068 2996 1246 3057 consentit:

298 3094 354 3158 sed
370 3104 474 3157 tamen
490 3116 597 3158 verum
610 3107 659 3160 est
673 3118 745 3160 eum
759 3117 826 3159 non
844 3117 975 3178 negare:
999 3106 1032 3159 et
1045 3095 1091 3159 ita
1105 3096 1248 3178 gloriosae

298 3196 386 3260 vocis
400 3196 576 3261 munimine
588 3209 620 3261 et
633 3198 746 3262 festivo
762 3200 890 3284 eloquin
903 3222 992 3264 suam
1004 3200 1092 3284 apud
1102 3199 1249 3264 homines

299 3301 468 3383 plerosque
484 3298 650 3382 perfidiam
673 3301 829 3384 palliabit.
875 3301 1035 3366 Caetemm
1058 3303 1250 3365 Francorum

299 3400 467 3485 proverbio
504 3400 536 3462 in
574 3400 680 3484 ipsum
714 3401 846 3479 luditur,
880 3403 956 3486 quia
989 3403 1073 3464 mala
1107 3402 1249 3483 corporis

300 3501 497 3587 operimenta
523 3510 662 3585 coaptat,
685 3502 738 3565 cui
761 3501 941 3564 verecunda
962 3510 995 3564 et
1015 3509 1106 3563 netes
1128 3511 1247 3584 patent.

299 3603 436 3670 Othonis
452 3613 556 3668 autem
572 3603 657 3666 fama
672 3603 837 3667 videbatur
850 3602 989 3679 hilarior,
1005 3601 1142 3685 ideoque
1157 3603 1248 3665 multi

300 3706 452 3769 mirantur
466 3717 498 3769 et
514 3706 750 3788 compatiuntur
767 3704 797 3767 ei
817 3703 905 3788 quod
925 3714 990 3767 tam
1005 3703 1098 3767 sacile
1118 3705 1252 3767 recessit

300 3807 386 3872 arria
402 3807 549 3869 Domini:
565 3827 626 3870 nec
642 3805 719 3870 satis
731 3807 913 3869 sufficerent
927 3805 1085 3881 admirari,
1095 3804 1158 3867 nisi
1174 3806 1251 3888 quia

301 3910 426 3974 celebre
449 3916 507 3982 cst,
530 3908 606 3989 quia
627 3927 646 3969 a
669 3907 819 3971 convictu
841 3927 942 3969 mores
963 3904 1156 3969 formantur:
1185 3906 1249 3978 Qui

298 4011 400 4094 tangit
430 4008 535 4091 picem
563 4008 746 4092 inquinatur
775 4010 816 4071 ab
845 4028 892 4085 ea,
921 4027 1046 4088 uvaque
1076 4020 1252 4089 conspecta

299 4114 430 4176 livorem
456 4109 546 4173 ducit
571 4111 611 4173 ub
638 4129 709 4171 uva.
754 4108 879 4172 Cetera
908 4108 1112 4192 positasunt
1136 4109 1247 4172 inore

302 4215 410 4277 luteris
438 4210 657 4297 presentiam:
696 4210 820 4292 eritque
857 4207 1031 4290 diligentia
1060 4222 1172 4274 vestre
1201 4234 1250 4274 re-

303 4316 438 4378 scribere
453 4313 600 4397 quotiens
616 4311 708 4375 suerit
721 4322 935 4395 opportunum
951 4310 1038 4395 quod
1053 4312 1252 4378 credideritis
