3034 5200
316 739 357 797 98
575 745 711 794 mamus
727 743 1007 790 sunnsunmmssrs
1181 726 1268 804 [no.

317 915 358 978 et,
389 904 414 966 si
445 903 476 965 ei
504 902 607 965 visum
636 900 730 962 suerit
753 897 943 980 expediens,
978 907 1194 980 pertranseant
1223 896 1265 959 ad

316 1002 504 1080 cardinales,
524 1003 689 1064 immutato
712 1009 819 1062 tamen
842 1005 915 1060 ante
942 996 970 1059 si
993 996 1069 1079 quid
1092 996 1268 1059 decreverit

313 1102 555 1167 immutandum.
601 1099 751 1183 Alioquin
782 1099 816 1159 in
847 1096 945 1159 domo
972 1107 1075 1160 vestra
1100 1096 1148 1159 rel
1177 1096 1264 1157 illius

316 1205 428 1268 dentur
442 1202 602 1268 incendio.

312 1541 534 1605 EPISTOLA
556 1538 866 1604 comm-m
887 1554 1060 1600 uroomuu
1081 1555 1124 1599 un
1148 1553 1263 1598 nourr

558 1657 710 1702 noruom.
759 1638 852 1718 [uu.
873 1638 1018 1717 1167-8.]
1128 1684 1131 1689 -

380 1790 516 1854 Nicoluo
530 1793 570 1853 de
584 1795 689 1853 monte
702 1789 953 1870 Rotbcmugeasi
967 1791 1066 1854 Joun.
1082 1792 1190 1856 Seres.
1213 1882 1215 1885 v

354 1919 513 1980 Drssrpm
530 1916 688 1979 Dominus
704 1929 816 1997 gentes
831 1938 904 2000 quae
918 1917 1004 1980 bella
1018 1919 1138 1992 volunt,
1154 1927 1186 1980 et
1205 1914 1259 2000 qui

311 2041 345 2082 se
361 2040 380 2080 a
394 2039 474 2101 pace
489 2018 552 2080 Dei
567 2017 729 2098 elongant,
743 2017 961 2080 indubitanter
979 2019 1137 2100 peribunt.
1182 2018 1262 2088 Quis

310 2131 570 2205 persequutorum
594 2120 738 2183 ecclesiae
763 2119 906 2183 ultricem
929 2118 1091 2184 dexteram
1113 2121 1187 2194 Dei,
1205 2119 1261 2203 qui

311 2230 457 2306 potentes
486 2221 646 2303 potentius
676 2222 779 2306 punit,
809 2223 924 2304 legitur
959 2221 1117 2285 evasisse?
1164 2222 1259 2286 Unde

310 2321 441 2385 domino
460 2334 568 2384 nostro
592 2323 657 2404 regi
675 2322 813 2403 Angliae‚
828 2323 923 2407 quem
943 2323 1044 2402 Deus,
1059 2322 1087 2385 si
1108 2323 1143 2386 in
1163 2318 1259 2386 bene-

308 2423 842 2508 placitosuoest,optimumsaciat:
864 2436 896 2488 et
905 2423 1261 2510 haeredibussuis‚quod

308 2525 377 2588 siue
404 2525 512 2588 dolore
540 2546 606 2589 non
630 2525 719 2600 dico,
745 2525 917 2609 plurimum
942 2525 1120 2590 timendum
1147 2538 1196 2590 est
1221 2548 1261 2590 ne

308 2628 470 2692 scindatur
490 2649 625 2710 regnum
640 2649 761 2705 eorum,
777 2637 809 2690 et
830 2637 973 2708 potestas
994 2627 1182 2703 infirmetur,
1198 2651 1261 2712 qua

308 2741 418 2794 contra
433 2730 600 2794 ecclesiam
625 2730 810 2792 abutuntur.
855 2729 941 2789 Nam
964 2727 992 2789 si
1015 2726 1157 2791 differtur
1178 2731 1259 2793 ultio

306 2832 347 2895 ad
363 2832 593 2915 correptionem
613 2841 644 2894 et
665 2829 885 2913 probationem
902 2827 1051 2902 filiorum,
1067 2850 1149 2911 quos
1171 2842 1261 2912 pater

306 2933 484 2996 misericors
506 2934 639 3014 castigat
662 2941 697 2994 ut
719 2940 862 3008 coronet,
884 2950 948 2991 non
971 2940 1080 2992 tamen
1110 2932 1258 2996 aufertur.

307 3032 371 3095 Sed
393 3043 468 3114 post
490 3034 679 3097 Sanctorum
703 3033 889 3116 patientiam
912 3032 944 3094 in
970 3032 1087 3115 impios
1113 3033 1258 3097 acerbius

305 3132 528 3195 excandescet.
584 3133 689 3205 Quare
720 3155 831 3216 quaeso
862 3134 909 3196 vir
943 3133 1197 3217 sapientissimus
1226 3147 1259 3199 et

305 3234 402 3297 tantis
418 3232 584 3296 virtutibus
599 3245 630 3297 et
645 3246 805 3317 potestate
818 3236 1028 3319 amplissima,
1039 3247 1070 3299 et
1084 3237 1148 3299 fere
1163 3238 1257 3300 bonis

305 3336 453 3398 omnibns
469 3334 605 3397 donatus
621 3356 640 3397 a
659 3335 802 3400 Domino
818 3360 883 3400 non
900 3338 981 3401 redit
1003 3337 1045 3401 ad
1067 3359 1132 3413 cor,
1147 3348 1180 3401 et
1202 3338 1257 3421 qui

304 3452 351 3501 tot
366 3447 397 3500 et
410 3446 568 3500 tantarum
590 3439 717 3501 urbium
742 3437 881 3503 domitor
907 3449 966 3517 est,
980 3438 1256 3521 intemperantiam

303 3542 387 3605 hauc
403 3540 531 3603 domare
546 3561 610 3602 non
626 3540 756 3623 potest?
786 3542 862 3619 Cur,
877 3540 1045 3605 ecclesiam
1062 3562 1255 3623 persequens

304 3643 396 3705 unice
414 3642 561 3706 dilectam
578 3663 697 3725 sponso
711 3643 790 3705 iram
807 3642 892 3705 illius
907 3652 1062 3725 provocat
1084 3641 1140 3725 qui
1155 3644 1257 3706 aufert

303 3742 456 3825 Spiritum
490 3743 682 3825 principum,
719 3756 751 3805 et
786 3742 971 3806 sublimium
1007 3743 1090 3806 colla
1127 3744 1256 3827 propria

304 3843 408 3906 calcat
422 3840 558 3904 virtute?
590 3843 734 3923 profecto
750 3843 778 3904 si
793 3856 919 3926 saperet
933 3844 965 3905 in
983 3864 1038 3904 eos
1060 3853 1255 3922 retorqueret

301 3942 532 4024 indignationis
548 3964 613 4005 suae
638 3944 779 4020 aculeos,
795 3943 850 4024 qui
874 3965 946 4005 eum
972 3942 1253 4006 circumvenientes

304 4045 337 4107 in
360 4045 423 4108 hoc
453 4065 517 4105 nou
549 4044 717 4105 consilium
747 4040 804 4103 sed
833 4038 1044 4122 praecipitium
1067 4039 1254 4121 impellunt:

303 4158 335 4208 et
351 4147 462 4210 saltem
480 4144 655 4226 Babylonis
674 4162 781 4223 regern
797 4156 833 4203 ut
847 4161 886 4203 eo
901 4160 968 4202 non
982 4139 1160 4205 inveniatur
1183 4164 1255 4207 cru·

302 4246 404 4308 delior
418 4247 601 4324 imitaretur,
617 4245 672 4328 qui
687 4245 758 4306 illos
778 4242 917 4326 conjecit
939 4242 973 4303 in
993 4242 1100 4306 lacum
1115 4245 1254 4324 leonum,

303 4367 435 4425 quorum
454 4346 589 4409 consiliu
604 4346 679 4409 illuc
697 4341 873 4408 detruserat
887 4355 919 4407 et
938 4342 1112 4409 incluserat
1134 4347 1254 4410 Danie-
