3034 5200
253 727 360 810 llos]
635 747 815 792 nmsrosn.
1143 736 1201 795 157

250 902 348 962 immo
359 899 391 962 in
405 909 540 963 stercore
556 920 615 962 suo
625 909 896 982 computruerunt
907 896 1066 974 membra,
1077 920 1204 964 necesse

242 1011 297 1063 *est
337 998 520 1084 comperire.
580 1000 665 1062 Nam
706 995 773 1082 quo
812 995 914 1081 magis
954 998 1127 1077 insaniunt,
1167 1023 1205 1063 eo

250 1099 371 1163 ruinam
403 1122 492 1164 suam
524 1097 619 1161 citius
642 1111 674 1162 et
699 1095 834 1160 vicinius
860 1096 1002 1162 indicant
1031 1098 1204 1164 imminere.

248 1202 384 1266 Morbus
396 1223 497 1287 quum
509 1200 541 1262 iu
556 1220 681 1262 summo
693 1211 752 1275 est,
764 1212 915 1284 properat
927 1199 960 1262 in
975 1199 1147 1282 defectum,
1159 1214 1203 1278 et,

249 1300 274 1363 si
295 1301 419 1386 peritus
449 1316 497 1363 est
522 1298 650 1378 artifex,
674 1320 771 1361 causa
797 1298 926 1382 cognita
954 1300 1079 1363 facilius
1103 1314 1204 1365 curat.

251 1403 412 1466 Caeterum
424 1400 566 1464 medicus
578 1399 716 1463 ecclesiae
731 1400 787 1485 qui
804 1399 951 1464 medetur
965 1400 1205 1466 infirmitatibus

247 1503 376 1578 uostris,
388 1515 420 1566 et
432 1501 563 1564 vulnera
579 1512 667 1564 sanat
679 1521 764 1562 nunc
780 1500 934 1580 cauterio,
944 1524 1030 1564 nunc
1044 1502 1204 1580 fomentis,

251 1601 378 1666 miscuit
398 1603 570 1687 potionem,
592 1624 666 1687 quae
681 1601 906 1686 propinabitur
927 1603 1002 1667 filiis
1018 1603 1203 1690 Babylonis,

251 1714 288 1766 ut
311 1703 509 1768 inebrientur
531 1715 562 1766 et
585 1715 746 1780 corruant,
770 1714 802 1766 et
820 1726 896 1768 vasa
918 1704 1205 1790 transmigrationis

250 1803 353 1867 redire
369 1807 530 1890 patiantur
544 1803 585 1867 ad
601 1803 722 1868 cultum
744 1803 806 1866 Dei
827 1803 885 1867 sui.
931 1807 999 1868 Nec
1016 1805 1204 1868 moveamini

250 1905 290 1967 ad
306 1905 545 1983 desolationem,
567 1906 593 1968 si
613 1903 734 1990 publici
758 1904 919 1988 languoris
938 1905 1078 1991 impetus
1100 1906 1204 1970 Picta-

250 2006 334 2069 viam
362 2029 446 2070 nunc
466 2006 604 2071 infestat.
645 2005 734 2082 *Quia
759 2004 804 2069 sic
830 2006 981 2091 frequens
1004 2019 1051 2071 est
1077 2011 1205 2072 morbos

251 2109 433 2173 crudescere
459 2113 594 2174 sanitate
615 2108 728 2172 vicina.
786 2108 943 2173 Movebor
967 2122 1075 2173 autern
1100 2113 1126 2174 si
1147 2110 1203 2173 do-

252 2210 356 2275 minus
376 2211 584 2277 Pictaviensis
606 2211 645 2274 ad
670 2209 806 2296 alicujus
825 2233 934 2296 preces
951 2210 1076 2275 clavum
1093 2212 1203 2296 refigat

252 2311 283 2374 in
304 2313 444 2392 oculum,
464 2312 614 2399 latusque
636 2315 754 2396 sagitta
776 2313 915 2397 perforet
938 2311 1148 2390 irrevocabili,
1171 2327 1204 2378 et

250 2414 459 2499 compedibus
474 2414 591 2479 vinciat
613 2414 764 2499 pedes,si
785 2437 857 2479 eum
881 2415 976 2478 semel
999 2438 1204 2502 quocumque

252 2513 404 2578 beneficio
419 2514 481 2579 Dei
503 2513 667 2598 contingat
689 2513 826 2578 liberari.
871 2514 1003 2578 Utinam
1027 2516 1203 2580 meminerit

249 2617 448 2705 vquia'primo
462 2616 567 2703 decipi
577 2616 813 2682 incommodum
829 2629 892 2698 est,
902 2616 1041 2682 secundo
1057 2619 1204 2698 stultum,

251 2720 348 2784 tertio
363 2732 466 2805 turpe.
510 2722 594 2785 Nam
611 2731 642 2782 et
658 2717 818 2783 Phoebum
839 2718 991 2803 poenituit
1007 2739 1122 2782 munus
1137 2719 1204 2781 siue

251 2821 377 2885 nomine
405 2825 543 2908 petitum
578 2822 767 2884 concessisse
795 2819 845 2882 vel
877 2818 959 2884 lilio:
999 2841 1068 2882 sera
1096 2831 1202 2882 tamen

249 2922 449 3009 penitentia,
464 2946 565 3010 quum
587 2922 704 2986 coelum
727 2944 820 2985 suum
845 2920 1027 2985 tradidisset
1041 2922 1204 2985 incautius

252 3025 477 3111 perurendum.
524 3026 557 3089 Si
572 3025 698 3089 Eritius
713 3047 732 3088 a
747 3024 821 3088 sede
835 3023 937 3109 ipsius
949 3023 1080 3087 avulsus
1095 3023 1203 3105 fuerit,

253 3137 378 3211 quaerat
390 3125 425 3187 iu
440 3148 506 3210 quo
521 3124 648 3188 mollius
660 3124 816 3187 sedeatur.
842 3123 984 3187 Oculum
1000 3145 1062 3187 nou
1078 3137 1202 3210 quaerat

252 3250 371 3291 ceecum
396 3226 453 3311 qui
475 3248 583 3289 curare
605 3224 759 3290 debuerat
781 3224 978 3311 lippientem.
1025 3227 1132 3292 Satius
1155 3241 1203 3292 est

254 3343 290 3394 ut
313 3330 403 3394 vobis
424 3328 713 3393 archidiaconatum
738 3327 869 3404 tribuat,
891 3350 988 3413 quam
1008 3327 1101 3392 alicui
1119 3328 1203 3415 juris

251 3431 363 3515 ignaro
376 3444 408 3495 et
424 3430 584 3515 religionis
601 3428 736 3493 inimico.
783 3430 817 3492 Si
835 3450 907 3492 cum
929 3432 999 3515 ipso
1019 3429 1154 3504 fueritis,
1170 3444 1202 3495 et

248 3532 396 3617 poteritis
426 3544 463 3597 ut
492 3531 629 3596 arbitror
659 3553 850 3617 praecavere.
895 3529 1008 3596 Valete
1038 3541 1070 3594 et
1095 3553 1204 3594 omnes

251 3633 359 3697 vestri.

261 3881 494 3945 EP1STOLA,
505 3878 722 3942 ectu—in
736 3895 936 3941 uuorsrnnu
951 3894 1131 3940 osannrnu
1147 3895 1192 3937 nn

498 3999 707 4044 ruvnnsrmu.
738 3983 826 4057 [uo.
846 3978 955 4058 lton]

381 4117 472 4177 Idem
486 4115 649 4197 Magistro
666 4116 795 4178 osberto
809 4116 848 4176 dc
863 4113 1072 4175 Faorcsham.

298 4225 414 4285 Laron
434 4224 638 4308 praesentium
659 4222 805 4287 alumnus
826 4232 901 4282 tuus
916 4232 975 4294 est,
991 4216 1042 4280 cui
1059 4216 1084 4279 si
1099 4214 1201 4279 distu-

254 4322 326 4386 leris
348 4323 526 4400 subvenire,
553 4336 659 4388 notam
685 4318 924 4406 ingratitudinis
948 4319 1090 4381 incurres
1114 4317 1202 4402 apud
