<?xml version="1.0" encoding="UTF-8"?>
<!DOCTYPE html PUBLIC "-//W3C//DTD XHTML 1.0 Transitional//EN"
    "http://www.w3.org/TR/xhtml1/DTD/xhtml1-transitional.dtd">
<html xmlns="http://www.w3.org/1999/xhtml" xml:lang="en" lang="en">
 <head>
  <title>
</title>
<meta http-equiv="Content-Type" content="text/html;charset=utf-8" />
  <meta name='ocr-system' content='tesseract 3.04.00' />
  <meta name='ocr-capabilities' content='ocr_page ocr_carea ocr_par ocr_line ocrx_word'/>
</head>
<body>
  <div class='ocr_page' id='page_1' title='image "./joannissaresber11johngoog_0118.png"; bbox 0 0 3034 5200; ppageno 0'>
   <div class='ocr_carea' id='block_1_1' title="bbox 282 688 1228 812">
    <p class='ocr_par' dir='ltr' id='par_1_1' title="bbox 282 688 1228 812">
     <span class='ocr_line' id='line_1_1' title="bbox 282 688 1228 812; baseline -0.007 -16"><span class='ocrx_word' id='word_1_1' title='bbox 282 688 389 812; x_wconf 75' lang='lat' dir='ltr'>uos]</span> <span class='ocrx_word' id='word_1_2' title='bbox 666 745 842 791; x_wconf 78' lang='lat' dir='ltr'>arrsrora.</span> <span class='ocrx_word' id='word_1_3' title='bbox 1171 731 1228 789; x_wconf 87' lang='lat'>101</span> 
     </span>
    </p>
   </div>
   <div class='ocr_carea' id='block_1_2' title="bbox 277 895 1258 4430">
    <p class='ocr_par' dir='ltr' id='par_1_2' title="bbox 277 895 1258 4430">
     <span class='ocr_line' id='line_1_2' title="bbox 280 895 1229 981; baseline -0.008 -12"><span class='ocrx_word' id='word_1_4' title='bbox 280 906 326 968; x_wconf 91' lang='lat' dir='ltr'>Ut</span> <span class='ocrx_word' id='word_1_5' title='bbox 355 906 464 968; x_wconf 90' lang='lat' dir='ltr'>saltem</span> <span class='ocrx_word' id='word_1_6' title='bbox 495 900 604 964; x_wconf 88' lang='lat' dir='ltr'>audita</span> <span class='ocrx_word' id='word_1_7' title='bbox 634 902 700 963; x_wconf 87' lang='lat' dir='ltr'>rita</span> <span class='ocrx_word' id='word_1_8' title='bbox 729 922 848 973; x_wconf 88' lang='lat' dir='ltr'>eorum,</span> <span class='ocrx_word' id='word_1_9' title='bbox 876 900 935 963; x_wconf 89' lang='lat' dir='ltr'>etsi</span> <span class='ocrx_word' id='word_1_10' title='bbox 966 919 1030 961; x_wconf 90' lang='lat' dir='ltr'>non</span> <span class='ocrx_word' id='word_1_11' title='bbox 1061 895 1229 981; x_wconf 80' lang='lat' dir='ltr'>sospitate,</span> 
     </span>
     <span class='ocr_line' id='line_1_3' title="bbox 278 999 1228 1090; baseline -0.008 -20"><span class='ocrx_word' id='word_1_12' title='bbox 278 1029 371 1090; x_wconf 92' lang='lat' dir='ltr'>quam</span> <span class='ocrx_word' id='word_1_13' title='bbox 398 1004 477 1068; x_wconf 92' lang='lat' dir='ltr'>mihi</span> <span class='ocrx_word' id='word_1_14' title='bbox 503 1025 598 1066; x_wconf 92' lang='lat' dir='ltr'>nemo</span> <span class='ocrx_word' id='word_1_15' title='bbox 622 1003 813 1086; x_wconf 87' lang='lat' dir='ltr'>persuadere</span> <span class='ocrx_word' id='word_1_16' title='bbox 835 1012 954 1086; x_wconf 88' lang='lat' dir='ltr'>potest,</span> <span class='ocrx_word' id='word_1_17' title='bbox 977 999 1109 1085; x_wconf 85' lang='lat' dir='ltr'>aliquod</span> <span class='ocrx_word' id='word_1_18' title='bbox 1131 1009 1228 1063; x_wconf 83' lang='lat' dir='ltr'>tantae</span> 
     </span>
     <span class='ocr_line' id='line_1_4' title="bbox 279 1102 1230 1191; baseline -0.009 -20"><span class='ocrx_word' id='word_1_19' title='bbox 279 1107 540 1191; x_wconf 82' lang='lat' dir='ltr'>peregrinationis</span> <span class='ocrx_word' id='word_1_20' title='bbox 556 1117 588 1169; x_wconf 89' lang='lat' dir='ltr'>et</span> <span class='ocrx_word' id='word_1_21' title='bbox 602 1106 768 1167; x_wconf 86' lang='lat' dir='ltr'>laboriosae</span> <span class='ocrx_word' id='word_1_22' title='bbox 784 1103 917 1176; x_wconf 79' lang='lat' dir='ltr'>militiae,</span> <span class='ocrx_word' id='word_1_23' title='bbox 935 1123 999 1186; x_wconf 92' lang='lat' dir='ltr'>qua</span> <span class='ocrx_word' id='word_1_24' title='bbox 1012 1123 1071 1185; x_wconf 94' lang='lat' dir='ltr'>pro</span> <span class='ocrx_word' id='word_1_25' title='bbox 1086 1102 1230 1164; x_wconf 87' lang='lat' dir='ltr'>libertate</span> 
     </span>
     <span class='ocr_line' id='line_1_5' title="bbox 278 1203 1231 1293; baseline -0.009 -19"><span class='ocrx_word' id='word_1_26' title='bbox 278 1211 388 1293; x_wconf 83' lang='lat' dir='ltr'>patriae</span> <span class='ocrx_word' id='word_1_27' title='bbox 411 1229 592 1293; x_wconf 83' lang='lat' dir='ltr'>pugnamus</span> <span class='ocrx_word' id='word_1_28' title='bbox 616 1206 656 1270; x_wconf 91' lang='lat' dir='ltr'>ad</span> <span class='ocrx_word' id='word_1_29' title='bbox 680 1207 810 1283; x_wconf 85' lang='lat' dir='ltr'>bestias,</span> <span class='ocrx_word' id='word_1_30' title='bbox 831 1205 1021 1288; x_wconf 85' lang='lat' dir='ltr'>recipiamus</span> <span class='ocrx_word' id='word_1_31' title='bbox 1044 1211 1074 1265; x_wconf 87' lang='lat' dir='ltr'>te</span> <span class='ocrx_word' id='word_1_32' title='bbox 1096 1203 1231 1265; x_wconf 86' lang='lat' dir='ltr'>interre-</span> 
     </span>
     <span class='ocr_line' id='line_1_6' title="bbox 277 1306 1229 1386; baseline -0.007 -13"><span class='ocrx_word' id='word_1_33' title='bbox 277 1311 385 1374; x_wconf 90' lang='lat' dir='ltr'>niente</span> <span class='ocrx_word' id='word_1_34' title='bbox 402 1310 568 1384; x_wconf 82' lang='lat' dir='ltr'>solatium3</span> <span class='ocrx_word' id='word_1_35' title='bbox 589 1308 664 1370; x_wconf 92' lang='lat' dir='ltr'>illos</span> <span class='ocrx_word' id='word_1_36' title='bbox 680 1307 765 1369; x_wconf 89' lang='lat' dir='ltr'>enim</span> <span class='ocrx_word' id='word_1_37' title='bbox 782 1327 879 1368; x_wconf 89' lang='lat' dir='ltr'>nosce</span> <span class='ocrx_word' id='word_1_38' title='bbox 897 1326 1116 1368; x_wconf 87' lang='lat' dir='ltr'>consueveras.</span> <span class='ocrx_word' id='word_1_39' title='bbox 1161 1306 1229 1386; x_wconf 89' lang='lat' dir='ltr'>Age</span> 
     </span>
     <span class='ocr_line' id='line_1_7' title="bbox 278 1405 1231 1494; baseline -0.006 -20"><span class='ocrx_word' id='word_1_40' title='bbox 278 1433 353 1494; x_wconf 89' lang='lat' dir='ltr'>ergo</span> <span class='ocrx_word' id='word_1_41' title='bbox 368 1421 494 1474; x_wconf 89' lang='lat' dir='ltr'>strenue</span> <span class='ocrx_word' id='word_1_42' title='bbox 517 1408 605 1493; x_wconf 92' lang='lat' dir='ltr'>quod</span> <span class='ocrx_word' id='word_1_43' title='bbox 621 1408 756 1490; x_wconf 87' lang='lat' dir='ltr'>caepisti,</span> <span class='ocrx_word' id='word_1_44' title='bbox 771 1419 803 1470; x_wconf 90' lang='lat' dir='ltr'>et</span> <span class='ocrx_word' id='word_1_45' title='bbox 826 1409 932 1470; x_wconf 86' lang='lat' dir='ltr'>laetare</span> <span class='ocrx_word' id='word_1_46' title='bbox 956 1416 988 1468; x_wconf 88' lang='lat' dir='ltr'>et</span> <span class='ocrx_word' id='word_1_47' title='bbox 1010 1405 1158 1488; x_wconf 89' lang='lat' dir='ltr'>spera&#39;in</span> <span class='ocrx_word' id='word_1_48' title='bbox 1181 1406 1231 1468; x_wconf 93' lang='lat' dir='ltr'>his</span> 
     </span>
     <span class='ocr_line' id='line_1_8' title="bbox 281 1508 1231 1596; baseline -0.007 -21"><span class='ocrx_word' id='word_1_49' title='bbox 281 1535 352 1596; x_wconf 85' lang='lat' dir='ltr'>quae</span> <span class='ocrx_word' id='word_1_50' title='bbox 369 1511 455 1575; x_wconf 86' lang='lat' dir='ltr'>dicta</span> <span class='ocrx_word' id='word_1_51' title='bbox 478 1521 552 1573; x_wconf 92' lang='lat' dir='ltr'>sunt</span> <span class='ocrx_word' id='word_1_52' title='bbox 575 1510 678 1586; x_wconf 92' lang='lat' dir='ltr'>nobis,</span> <span class='ocrx_word' id='word_1_53' title='bbox 695 1509 772 1592; x_wconf 90' lang='lat' dir='ltr'>quia</span> <span class='ocrx_word' id='word_1_54' title='bbox 786 1519 914 1571; x_wconf 87' lang='lat' dir='ltr'>auctore</span> <span class='ocrx_word' id='word_1_55' title='bbox 933 1509 1005 1570; x_wconf 91' lang='lat' dir='ltr'>Deo</span> <span class='ocrx_word' id='word_1_56' title='bbox 1028 1508 1060 1569; x_wconf 90' lang='lat' dir='ltr'>in</span> <span class='ocrx_word' id='word_1_57' title='bbox 1084 1508 1231 1590; x_wconf 85' lang='lat' dir='ltr'>proximo</span> 
     </span>
     <span class='ocr_line' id='line_1_9' title="bbox 279 1608 1231 1697; baseline -0.005 -23"><span class='ocrx_word' id='word_1_58' title='bbox 279 1613 469 1697; x_wconf 86' lang='lat' dir='ltr'>recipiemus</span> <span class='ocrx_word' id='word_1_59' title='bbox 481 1610 650 1694; x_wconf 90' lang='lat' dir='ltr'>stipendia,</span> <span class='ocrx_word' id='word_1_60' title='bbox 660 1623 691 1673; x_wconf 91' lang='lat' dir='ltr'>et</span> <span class='ocrx_word' id='word_1_61' title='bbox 702 1611 828 1673; x_wconf 77' lang='lat' dir='ltr'>hostem</span> <span class='ocrx_word' id='word_1_62' title='bbox 840 1609 1008 1691; x_wconf 91' lang='lat' dir='ltr'>publicum</span> <span class='ocrx_word' id='word_1_63' title='bbox 1020 1608 1231 1692; x_wconf 84' lang='lat' dir='ltr'>conjiciemus</span> 
     </span>
     <span class='ocr_line' id='line_1_10' title="bbox 283 1710 1232 1796; baseline -0.003 -20"><span class='ocrx_word' id='word_1_64' title='bbox 283 1715 317 1776; x_wconf 92' lang='lat' dir='ltr'>in</span> <span class='ocrx_word' id='word_1_65' title='bbox 342 1715 481 1789; x_wconf 85' lang='lat' dir='ltr'>vincula,</span> <span class='ocrx_word' id='word_1_66' title='bbox 507 1724 561 1776; x_wconf 90' lang='lat' dir='ltr'>aut</span> <span class='ocrx_word' id='word_1_67' title='bbox 586 1735 605 1776; x_wconf 89' lang='lat' dir='ltr'>a</span> <span class='ocrx_word' id='word_1_68' title='bbox 628 1712 738 1796; x_wconf 86' lang='lat' dir='ltr'>patriae</span> <span class='ocrx_word' id='word_1_69' title='bbox 762 1711 1011 1794; x_wconf 88' lang='lat' dir='ltr'>persequutione</span> <span class='ocrx_word' id='word_1_70' title='bbox 1037 1710 1174 1774; x_wconf 86' lang='lat' dir='ltr'>cessabit</span> <span class='ocrx_word' id='word_1_71' title='bbox 1198 1732 1232 1773; x_wconf 87' lang='lat' dir='ltr'>se</span> 
     </span>
     <span class='ocr_line' id='line_1_11' title="bbox 285 1811 1233 1897; baseline -0.004 -21"><span class='ocrx_word' id='word_1_72' title='bbox 285 1813 408 1878; x_wconf 90' lang='lat' dir='ltr'>dedens</span> <span class='ocrx_word' id='word_1_73' title='bbox 436 1814 575 1897; x_wconf 89' lang='lat' dir='ltr'>principi</span> <span class='ocrx_word' id='word_1_74' title='bbox 605 1815 659 1897; x_wconf 92' lang='lat' dir='ltr'>qui</span> <span class='ocrx_word' id='word_1_75' title='bbox 690 1813 765 1875; x_wconf 77' lang='lat' dir='ltr'>vivit</span> <span class='ocrx_word' id='word_1_76' title='bbox 787 1823 820 1876; x_wconf 86' lang='lat' dir='ltr'>et</span> <span class='ocrx_word' id='word_1_77' title='bbox 848 1812 960 1874; x_wconf 90' lang='lat' dir='ltr'>merito</span> <span class='ocrx_word' id='word_1_78' title='bbox 990 1811 1172 1874; x_wconf 85' lang='lat' dir='ltr'>dominatur</span> <span class='ocrx_word' id='word_1_79' title='bbox 1200 1811 1233 1873; x_wconf 90' lang='lat' dir='ltr'>in</span> 
     </span>
     <span class='ocr_line' id='line_1_12' title="bbox 285 1914 1235 1996; baseline -0.005 -16"><span class='ocrx_word' id='word_1_80' title='bbox 285 1917 432 1980; x_wconf 87' lang='lat' dir='ltr'>universa</span> <span class='ocrx_word' id='word_1_81' title='bbox 446 1928 536 1979; x_wconf 86' lang='lat' dir='ltr'>terra.</span> <span class='ocrx_word' id='word_1_82' title='bbox 583 1915 787 1978; x_wconf 88' lang='lat' dir='ltr'>Fredericum</span> <span class='ocrx_word' id='word_1_83' title='bbox 803 1914 886 1977; x_wconf 89' lang='lat' dir='ltr'>intra</span> <span class='ocrx_word' id='word_1_84' title='bbox 908 1914 1040 1996; x_wconf 93' lang='lat' dir='ltr'>Papiam</span> <span class='ocrx_word' id='word_1_85' title='bbox 1063 1914 1235 1976; x_wconf 88' lang='lat' dir='ltr'>clausimus</span> 
     </span>
     <span class='ocr_line' id='line_1_13' title="bbox 282 2014 1234 2100; baseline -0.002 -20"><span class='ocrx_word' id='word_1_86' title='bbox 282 2027 314 2080; x_wconf 87' lang='lat' dir='ltr'>et</span> <span class='ocrx_word' id='word_1_87' title='bbox 328 2029 471 2081; x_wconf 86' lang='lat' dir='ltr'>tenemus</span> <span class='ocrx_word' id='word_1_88' title='bbox 486 2019 669 2080; x_wconf 86' lang='lat' dir='ltr'>obsessum:</span> <span class='ocrx_word' id='word_1_89' title='bbox 701 2015 823 2100; x_wconf 87' lang='lat' dir='ltr'>ejectos</span> <span class='ocrx_word' id='word_1_90' title='bbox 839 2036 857 2077; x_wconf 94' lang='lat' dir='ltr'>a</span> <span class='ocrx_word' id='word_1_91' title='bbox 876 2014 1087 2078; x_wconf 90' lang='lat' dir='ltr'>schismaticis</span> <span class='ocrx_word' id='word_1_92' title='bbox 1109 2016 1234 2098; x_wconf 87' lang='lat' dir='ltr'>episco-</span> 
     </span>
     <span class='ocr_line' id='line_1_14' title="bbox 282 2117 1235 2202; baseline -0.004 -20"><span class='ocrx_word' id='word_1_93' title='bbox 282 2141 341 2202; x_wconf 92' lang='lat' dir='ltr'>pos</span> <span class='ocrx_word' id='word_1_94' title='bbox 356 2118 544 2182; x_wconf 85' lang='lat' dir='ltr'>reduximus</span> <span class='ocrx_word' id='word_1_95' title='bbox 559 2119 592 2180; x_wconf 91' lang='lat' dir='ltr'>in</span> <span class='ocrx_word' id='word_1_96' title='bbox 618 2117 711 2182; x_wconf 91' lang='lat' dir='ltr'>sedes</span> <span class='ocrx_word' id='word_1_97' title='bbox 731 2139 816 2194; x_wconf 86' lang='lat' dir='ltr'>suas,</span> <span class='ocrx_word' id='word_1_98' title='bbox 831 2128 864 2179; x_wconf 89' lang='lat' dir='ltr'>et</span> <span class='ocrx_word' id='word_1_99' title='bbox 887 2117 1023 2179; x_wconf 90' lang='lat' dir='ltr'>contrito</span> <span class='ocrx_word' id='word_1_100' title='bbox 1048 2117 1152 2199; x_wconf 87' lang='lat' dir='ltr'>capite</span> <span class='ocrx_word' id='word_1_101' title='bbox 1175 2117 1235 2178; x_wconf 92' lang='lat' dir='ltr'>im-</span> 
     </span>
     <span class='ocr_line' id='line_1_15' title="bbox 282 2219 1237 2304; baseline -0.002 -20"><span class='ocrx_word' id='word_1_102' title='bbox 282 2222 407 2304; x_wconf 90' lang='lat' dir='ltr'>piorum</span> <span class='ocrx_word' id='word_1_103' title='bbox 423 2223 566 2283; x_wconf 88' lang='lat' dir='ltr'>membra</span> <span class='ocrx_word' id='word_1_104' title='bbox 591 2222 733 2283; x_wconf 89' lang='lat' dir='ltr'>carnium</span> <span class='ocrx_word' id='word_1_105' title='bbox 750 2219 945 2282; x_wconf 82' lang='lat' dir='ltr'>cohaerentia</span> <span class='ocrx_word' id='word_1_106' title='bbox 968 2219 1030 2281; x_wconf 92' lang='lat' dir='ltr'>sibi</span> <span class='ocrx_word' id='word_1_107' title='bbox 1053 2219 1148 2282; x_wconf 84' lang='lat' dir='ltr'>facile</span> <span class='ocrx_word' id='word_1_108' title='bbox 1172 2219 1237 2282; x_wconf 92' lang='lat' dir='ltr'>dis·</span> 
     </span>
     <span class='ocr_line' id='line_1_16' title="bbox 287 2318 1237 2403; baseline 0 -20"><span class='ocrx_word' id='word_1_109' title='bbox 287 2323 455 2384; x_wconf 83' lang='lat' dir='ltr'>solventur.</span> <span class='ocrx_word' id='word_1_110' title='bbox 501 2323 530 2383; x_wconf 88' lang='lat' dir='ltr'>A</span> <span class='ocrx_word' id='word_1_111' title='bbox 554 2333 610 2382; x_wconf 92' lang='lat' dir='ltr'>tuo</span> <span class='ocrx_word' id='word_1_112' title='bbox 634 2321 730 2400; x_wconf 88' lang='lat' dir='ltr'>igitur</span> <span class='ocrx_word' id='word_1_113' title='bbox 753 2341 861 2393; x_wconf 92' lang='lat' dir='ltr'>sensu,</span> <span class='ocrx_word' id='word_1_114' title='bbox 876 2318 911 2380; x_wconf 94' lang='lat' dir='ltr'>id</span> <span class='ocrx_word' id='word_1_115' title='bbox 934 2326 983 2381; x_wconf 88' lang='lat' dir='ltr'>est</span> <span class='ocrx_word' id='word_1_116' title='bbox 1006 2329 1102 2396; x_wconf 90' lang='lat' dir='ltr'>recto,</span> <span class='ocrx_word' id='word_1_117' title='bbox 1117 2342 1237 2403; x_wconf 90' lang='lat' dir='ltr'>nequa·</span> 
     </span>
     <span class='ocr_line' id='line_1_17' title="bbox 287 2421 1238 2505; baseline 0 -21"><span class='ocrx_word' id='word_1_118' title='bbox 287 2444 383 2505; x_wconf 93' lang='lat' dir='ltr'>quam</span> <span class='ocrx_word' id='word_1_119' title='bbox 399 2424 565 2495; x_wconf 88' lang='lat' dir='ltr'>movearis,</span> <span class='ocrx_word' id='word_1_120' title='bbox 581 2443 687 2504; x_wconf 91' lang='lat' dir='ltr'>neque</span> <span class='ocrx_word' id='word_1_121' title='bbox 706 2442 765 2504; x_wconf 92' lang='lat' dir='ltr'>per</span> <span class='ocrx_word' id='word_1_122' title='bbox 787 2421 943 2503; x_wconf 89' lang='lat' dir='ltr'>Spiritum</span> <span class='ocrx_word' id='word_1_123' title='bbox 968 2441 1071 2504; x_wconf 88' lang='lat' dir='ltr'>neque</span> <span class='ocrx_word' id='word_1_124' title='bbox 1095 2443 1151 2504; x_wconf 92' lang='lat' dir='ltr'>per</span> <span class='ocrx_word' id='word_1_125' title='bbox 1174 2445 1238 2486; x_wconf 89' lang='lat' dir='ltr'>ser·</span> 
     </span>
     <span class='ocr_line' id='line_1_18' title="bbox 287 2523 1239 2608; baseline 0.003 -23"><span class='ocrx_word' id='word_1_126' title='bbox 287 2544 427 2597; x_wconf 92' lang='lat' dir='ltr'>monem,</span> <span class='ocrx_word' id='word_1_127' title='bbox 442 2544 547 2608; x_wconf 89' lang='lat' dir='ltr'>neque</span> <span class='ocrx_word' id='word_1_128' title='bbox 562 2545 620 2607; x_wconf 89' lang='lat' dir='ltr'>per</span> <span class='ocrx_word' id='word_1_129' title='bbox 636 2523 802 2606; x_wconf 88' lang='lat' dir='ltr'>epistolam</span> <span class='ocrx_word' id='word_1_130' title='bbox 828 2534 982 2606; x_wconf 88' lang='lat' dir='ltr'>tanquam</span> <span class='ocrx_word' id='word_1_131' title='bbox 998 2524 1038 2585; x_wconf 90' lang='lat' dir='ltr'>ab</span> <span class='ocrx_word' id='word_1_132' title='bbox 1062 2526 1239 2608; x_wconf 91' lang='lat' dir='ltr'>apostolico</span> 
     </span>
     <span class='ocr_line' id='line_1_19' title="bbox 288 2624 1236 2709; baseline 0.003 -22"><span class='ocrx_word' id='word_1_133' title='bbox 288 2625 427 2702; x_wconf 87' lang='lat' dir='ltr'>missam,</span> <span class='ocrx_word' id='word_1_134' title='bbox 443 2626 533 2709; x_wconf 89' lang='lat' dir='ltr'>quasi</span> <span class='ocrx_word' id='word_1_135' title='bbox 548 2626 645 2687; x_wconf 89' lang='lat' dir='ltr'>instet</span> <span class='ocrx_word' id='word_1_136' title='bbox 659 2624 705 2687; x_wconf 86' lang='lat' dir='ltr'>ira</span> <span class='ocrx_word' id='word_1_137' title='bbox 721 2626 783 2687; x_wconf 88' lang='lat' dir='ltr'>Dei</span> <span class='ocrx_word' id='word_1_138' title='bbox 804 2624 913 2707; x_wconf 85' lang='lat' dir='ltr'>justos</span> <span class='ocrx_word' id='word_1_139' title='bbox 927 2624 1076 2689; x_wconf 89' lang='lat' dir='ltr'>deserens</span> <span class='ocrx_word' id='word_1_140' title='bbox 1090 2627 1122 2688; x_wconf 91' lang='lat' dir='ltr'>in</span> <span class='ocrx_word' id='word_1_141' title='bbox 1138 2628 1236 2690; x_wconf 93' lang='lat' dir='ltr'>tribu·</span> 
     </span>
     <span class='ocr_line' id='line_1_20' title="bbox 285 2726 1238 2810; baseline 0.001 -21"><span class='ocrx_word' id='word_1_142' title='bbox 285 2728 422 2790; x_wconf 86' lang='lat' dir='ltr'>latione:</span> <span class='ocrx_word' id='word_1_143' title='bbox 451 2737 483 2790; x_wconf 91' lang='lat' dir='ltr'>et</span> <span class='ocrx_word' id='word_1_144' title='bbox 496 2726 604 2810; x_wconf 90' lang='lat' dir='ltr'>impiis</span> <span class='ocrx_word' id='word_1_145' title='bbox 619 2726 652 2788; x_wconf 94' lang='lat' dir='ltr'>in</span> <span class='ocrx_word' id='word_1_146' title='bbox 668 2726 791 2789; x_wconf 86' lang='lat' dir='ltr'>malitia</span> <span class='ocrx_word' id='word_1_147' title='bbox 813 2727 1090 2810; x_wconf 84' lang='lat' dir='ltr'>perseverantibus</span> <span class='ocrx_word' id='word_1_148' title='bbox 1105 2728 1238 2808; x_wconf 86' lang='lat' dir='ltr'>gloriam</span> 
     </span>
     <span class='ocr_line' id='line_1_21' title="bbox 286 2826 1240 2911; baseline 0.001 -20"><span class='ocrx_word' id='word_1_149' title='bbox 286 2829 423 2910; x_wconf 89' lang='lat' dir='ltr'>largiens</span> <span class='ocrx_word' id='word_1_150' title='bbox 437 2836 469 2890; x_wconf 88' lang='lat' dir='ltr'>et</span> <span class='ocrx_word' id='word_1_151' title='bbox 479 2828 684 2911; x_wconf 89' lang='lat' dir='ltr'>triumphum.</span> <span class='ocrx_word' id='word_1_152' title='bbox 705 2870 711 2881; x_wconf 81' lang='lat'>,</span> <span class='ocrx_word' id='word_1_153' title='bbox 725 2826 861 2890; x_wconf 89' lang='lat' dir='ltr'>Videbis</span> <span class='ocrx_word' id='word_1_154' title='bbox 873 2828 906 2889; x_wconf 90' lang='lat' dir='ltr'>in</span> <span class='ocrx_word' id='word_1_155' title='bbox 918 2828 1006 2891; x_wconf 88' lang='lat' dir='ltr'>brevi</span> <span class='ocrx_word' id='word_1_156' title='bbox 1018 2827 1149 2909; x_wconf 89' lang='lat' dir='ltr'>gloriam</span> <span class='ocrx_word' id='word_1_157' title='bbox 1165 2830 1240 2906; x_wconf 93' lang='lat' dir='ltr'>Dei,</span> 
     </span>
     <span class='ocr_line' id='line_1_22' title="bbox 287 2927 1239 3012; baseline 0.002 -21"><span class='ocrx_word' id='word_1_158' title='bbox 287 2940 322 2991; x_wconf 89' lang='lat' dir='ltr'>et</span> <span class='ocrx_word' id='word_1_159' title='bbox 332 2929 457 3012; x_wconf 90' lang='lat' dir='ltr'>impleri</span> <span class='ocrx_word' id='word_1_160' title='bbox 472 2928 700 3010; x_wconf 88' lang='lat' dir='ltr'>promissiones</span> <span class='ocrx_word' id='word_1_161' title='bbox 717 2938 854 3012; x_wconf 89' lang='lat' dir='ltr'>patrum,</span> <span class='ocrx_word' id='word_1_162' title='bbox 869 2949 950 3011; x_wconf 90' lang='lat' dir='ltr'>quas</span> <span class='ocrx_word' id='word_1_163' title='bbox 973 2927 1113 2991; x_wconf 87' lang='lat' dir='ltr'>infidelis</span> <span class='ocrx_word' id='word_1_164' title='bbox 1138 2931 1239 3012; x_wconf 88' lang='lat' dir='ltr'>perci·</span> 
     </span>
     <span class='ocr_line' id='line_1_23' title="bbox 289 3028 1241 3115; baseline 0.002 -22"><span class='ocrx_word' id='word_1_165' title='bbox 289 3052 363 3115; x_wconf 89' lang='lat' dir='ltr'>pere</span> <span class='ocrx_word' id='word_1_166' title='bbox 377 3052 443 3093; x_wconf 91' lang='lat' dir='ltr'>non</span> <span class='ocrx_word' id='word_1_167' title='bbox 458 3041 602 3092; x_wconf 88' lang='lat' dir='ltr'>meretur.</span> <span class='ocrx_word' id='word_1_168' title='bbox 640 3032 725 3092; x_wconf 91' lang='lat' dir='ltr'>Nam</span> <span class='ocrx_word' id='word_1_169' title='bbox 742 3039 774 3091; x_wconf 86' lang='lat' dir='ltr'>et</span> <span class='ocrx_word' id='word_1_170' title='bbox 788 3030 844 3113; x_wconf 93' lang='lat' dir='ltr'>qui</span> <span class='ocrx_word' id='word_1_171' title='bbox 863 3028 1043 3093; x_wconf 85' lang='lat' dir='ltr'>Jerusalem</span> <span class='ocrx_word' id='word_1_172' title='bbox 1054 3032 1241 3095; x_wconf 80' lang='lat' dir='ltr'>imminente</span> 
     </span>
     <span class='ocr_line' id='line_1_24' title="bbox 290 3130 1242 3213; baseline 0.002 -18"><span class='ocrx_word' id='word_1_173' title='bbox 290 3130 510 3195; x_wconf 87' lang='lat' dir='ltr'>Sennacherib</span> <span class='ocrx_word' id='word_1_174' title='bbox 526 3131 688 3192; x_wconf 86' lang='lat' dir='ltr'>oraculum</span> <span class='ocrx_word' id='word_1_175' title='bbox 703 3130 868 3213; x_wconf 75' lang='lat' dir='ltr'>prophetae</span> <span class='ocrx_word' id='word_1_176' title='bbox 884 3131 1017 3194; x_wconf 87' lang='lat' dir='ltr'>audiens</span> <span class='ocrx_word' id='word_1_177' title='bbox 1037 3131 1159 3196; x_wconf 90' lang='lat' dir='ltr'>diffisus</span> <span class='ocrx_word' id='word_1_178' title='bbox 1182 3144 1242 3211; x_wconf 90' lang='lat' dir='ltr'>est,</span> 
     </span>
     <span class='ocr_line' id='line_1_25' title="bbox 291 3233 1243 3320; baseline 0.004 -24"><span class='ocrx_word' id='word_1_179' title='bbox 291 3243 324 3296; x_wconf 90' lang='lat' dir='ltr'>et</span> <span class='ocrx_word' id='word_1_180' title='bbox 347 3236 506 3295; x_wconf 81' lang='lat' dir='ltr'>eam&#39;tam</span> <span class='ocrx_word' id='word_1_181' title='bbox 531 3233 597 3295; x_wconf 87' lang='lat' dir='ltr'>cita</span> <span class='ocrx_word' id='word_1_182' title='bbox 618 3233 816 3311; x_wconf 89' lang='lat' dir='ltr'>liberatione,</span> <span class='ocrx_word' id='word_1_183' title='bbox 831 3244 863 3296; x_wconf 91' lang='lat' dir='ltr'>et</span> <span class='ocrx_word' id='word_1_184' title='bbox 884 3234 1068 3297; x_wconf 85' lang='lat' dir='ltr'>victualium</span> <span class='ocrx_word' id='word_1_185' title='bbox 1090 3236 1194 3320; x_wconf 86' lang='lat' dir='ltr'>copia,</span> <span class='ocrx_word' id='word_1_186' title='bbox 1210 3247 1243 3299; x_wconf 89' lang='lat' dir='ltr'>et</span> 
     </span>
     <span class='ocr_line' id='line_1_26' title="bbox 291 3333 1241 3417; baseline 0.008 -22"><span class='ocrx_word' id='word_1_187' title='bbox 291 3333 391 3416; x_wconf 89' lang='lat' dir='ltr'>gloria</span> <span class='ocrx_word' id='word_1_188' title='bbox 417 3333 569 3417; x_wconf 87' lang='lat' dir='ltr'>triumphi</span> <span class='ocrx_word' id='word_1_189' title='bbox 595 3334 825 3398; x_wconf 88' lang='lat' dir='ltr'>sublevandam</span> <span class='ocrx_word' id='word_1_190' title='bbox 852 3348 884 3399; x_wconf 89' lang='lat' dir='ltr'>et</span> <span class='ocrx_word' id='word_1_191' title='bbox 913 3336 1146 3401; x_wconf 86' lang='lat' dir='ltr'>sublimandam</span> <span class='ocrx_word' id='word_1_192' title='bbox 1171 3362 1241 3403; x_wconf 86' lang='lat' dir='ltr'>esse</span> 
     </span>
     <span class='ocr_line' id='line_1_27' title="bbox 291 3433 1249 3517; baseline 0.008 -20"><span class='ocrx_word' id='word_1_193' title='bbox 291 3457 356 3499; x_wconf 90' lang='lat' dir='ltr'>non</span> <span class='ocrx_word' id='word_1_194' title='bbox 373 3433 518 3509; x_wconf 87' lang='lat' dir='ltr'>eredidit,</span> <span class='ocrx_word' id='word_1_195' title='bbox 534 3436 567 3499; x_wconf 92' lang='lat' dir='ltr'>in</span> <span class='ocrx_word' id='word_1_196' title='bbox 583 3446 675 3517; x_wconf 91' lang='lat' dir='ltr'>porta</span> <span class='ocrx_word' id='word_1_197' title='bbox 689 3436 825 3500; x_wconf 88' lang='lat' dir='ltr'>civitatis</span> <span class='ocrx_word' id='word_1_198' title='bbox 847 3438 1008 3501; x_wconf 86' lang='lat' dir='ltr'>extinctus</span> <span class='ocrx_word' id='word_1_199' title='bbox 1032 3451 1091 3516; x_wconf 89' lang='lat' dir='ltr'>est,</span> <span class='ocrx_word' id='word_1_200' title='bbox 1106 3463 1249 3505; x_wconf 53' lang='lat' dir='ltr'>concur-¹</span> 
     </span>
     <span class='ocr_line' id='line_1_28' title="bbox 291 3536 1242 3624; baseline 0.005 -24"><span class='ocrx_word' id='word_1_201' title='bbox 291 3539 431 3601; x_wconf 90' lang='lat' dir='ltr'>rentibus</span> <span class='ocrx_word' id='word_1_202' title='bbox 449 3536 589 3602; x_wconf 90' lang='lat' dir='ltr'>fidelium</span> <span class='ocrx_word' id='word_1_203' title='bbox 604 3539 706 3602; x_wconf 91' lang='lat' dir='ltr'>turbis</span> <span class='ocrx_word' id='word_1_204' title='bbox 724 3538 765 3601; x_wconf 86' lang='lat' dir='ltr'>ad</span> <span class='ocrx_word' id='word_1_205' title='bbox 790 3540 950 3621; x_wconf 85' lang='lat' dir='ltr'>magnalia</span> <span class='ocrx_word' id='word_1_206' title='bbox 972 3538 1088 3603; x_wconf 86' lang='lat' dir='ltr'>divinae</span> <span class='ocrx_word' id='word_1_207' title='bbox 1108 3544 1242 3624; x_wconf 92' lang='lat' dir='ltr'>promis·</span> 
     </span>
     <span class='ocr_line' id='line_1_29' title="bbox 292 3639 1244 3707; baseline 0.003 -4"><span class='ocrx_word' id='word_1_208' title='bbox 292 3640 399 3703; x_wconf 88' lang='lat' dir='ltr'>sionis.</span> <span class='ocrx_word' id='word_1_209' title='bbox 446 3641 480 3705; x_wconf 89' lang='lat' dir='ltr'>Si</span> <span class='ocrx_word' id='word_1_210' title='bbox 498 3662 548 3703; x_wconf 91' lang='lat' dir='ltr'>me</span> <span class='ocrx_word' id='word_1_211' title='bbox 564 3650 683 3703; x_wconf 86' lang='lat' dir='ltr'>mutato</span> <span class='ocrx_word' id='word_1_212' title='bbox 699 3640 829 3703; x_wconf 89' lang='lat' dir='ltr'>nomine</span> <span class='ocrx_word' id='word_1_213' title='bbox 845 3639 985 3703; x_wconf 88' lang='lat' dir='ltr'>audieris</span> <span class='ocrx_word' id='word_1_214' title='bbox 998 3640 1032 3702; x_wconf 91' lang='lat' dir='ltr'>iu</span> <span class='ocrx_word' id='word_1_215' title='bbox 1053 3642 1147 3705; x_wconf 87' lang='lat' dir='ltr'>Italia</span> <span class='ocrx_word' id='word_1_216' title='bbox 1161 3644 1244 3707; x_wconf 90' lang='lat' dir='ltr'>mili·</span> 
     </span>
     <span class='ocr_line' id='line_1_30' title="bbox 293 3741 1243 3825; baseline 0.003 -21"><span class='ocrx_word' id='word_1_217' title='bbox 293 3752 369 3820; x_wconf 88' lang='lat' dir='ltr'>tare,</span> <span class='ocrx_word' id='word_1_218' title='bbox 390 3763 457 3804; x_wconf 90' lang='lat' dir='ltr'>non</span> <span class='ocrx_word' id='word_1_219' title='bbox 483 3742 703 3825; x_wconf 85' lang='lat' dir='ltr'>obstupescas,</span> <span class='ocrx_word' id='word_1_220' title='bbox 726 3741 784 3804; x_wconf 93' lang='lat' dir='ltr'>sed</span> <span class='ocrx_word' id='word_1_221' title='bbox 810 3743 935 3824; x_wconf 92' lang='lat' dir='ltr'>imputa</span> <span class='ocrx_word' id='word_1_222' title='bbox 959 3741 1018 3804; x_wconf 94' lang='lat' dir='ltr'>tibi</span> <span class='ocrx_word' id='word_1_223' title='bbox 1048 3743 1103 3825; x_wconf 94' lang='lat' dir='ltr'>qui</span> <span class='ocrx_word' id='word_1_224' title='bbox 1128 3765 1179 3807; x_wconf 91' lang='lat' dir='ltr'>me</span> <span class='ocrx_word' id='word_1_225' title='bbox 1210 3746 1243 3807; x_wconf 90' lang='lat' dir='ltr'>iu</span> 
     </span>
     <span class='ocr_line' id='line_1_31' title="bbox 292 3842 1244 3926; baseline -0.001 -19"><span class='ocrx_word' id='word_1_226' title='bbox 292 3844 387 3907; x_wconf 91' lang='lat' dir='ltr'>Italia</span> <span class='ocrx_word' id='word_1_227' title='bbox 396 3843 522 3907; x_wconf 90' lang='lat' dir='ltr'>donasti</span> <span class='ocrx_word' id='word_1_228' title='bbox 532 3844 662 3923; x_wconf 89' lang='lat' dir='ltr'>cingulo</span> <span class='ocrx_word' id='word_1_229' title='bbox 671 3842 808 3905; x_wconf 88' lang='lat' dir='ltr'>militari.</span> <span class='ocrx_word' id='word_1_230' title='bbox 832 3843 921 3905; x_wconf 87' lang='lat' dir='ltr'>Vale.</span> <span class='ocrx_word' id='word_1_231' title='bbox 943 3842 1028 3906; x_wconf 86' lang='lat' dir='ltr'>Cura</span> <span class='ocrx_word' id='word_1_232' title='bbox 1037 3844 1244 3926; x_wconf 86' lang='lat' dir='ltr'>lethargicos:</span> 
     </span>
     <span class='ocr_line' id='line_1_32' title="bbox 292 3940 1247 4025; baseline -0.001 -20"><span class='ocrx_word' id='word_1_233' title='bbox 292 3952 324 4006; x_wconf 89' lang='lat' dir='ltr'>et</span> <span class='ocrx_word' id='word_1_234' title='bbox 339 3944 365 4005; x_wconf 94' lang='lat' dir='ltr'>si</span> <span class='ocrx_word' id='word_1_235' title='bbox 381 3944 554 4025; x_wconf 90' lang='lat' dir='ltr'>tricipitem</span> <span class='ocrx_word' id='word_1_236' title='bbox 573 3962 701 4004; x_wconf 89' lang='lat' dir='ltr'>carnem</span> <span class='ocrx_word' id='word_1_237' title='bbox 725 3941 784 4002; x_wconf 93' lang='lat' dir='ltr'>tibi</span> <span class='ocrx_word' id='word_1_238' title='bbox 808 3940 949 4003; x_wconf 88' lang='lat' dir='ltr'>insidiari</span> <span class='ocrx_word' id='word_1_239' title='bbox 974 3952 1028 4005; x_wconf 90' lang='lat' dir='ltr'>aut</span> <span class='ocrx_word' id='word_1_240' title='bbox 1042 3954 1078 4004; x_wconf 88' lang='lat' dir='ltr'>ut</span> <span class='ocrx_word' id='word_1_241' title='bbox 1101 3954 1247 4025; x_wconf 87' lang='lat' dir='ltr'>patenter</span> 
     </span>
     <span class='ocr_line' id='line_1_33' title="bbox 292 4044 1246 4126; baseline -0.002 -19"><span class='ocrx_word' id='word_1_242' title='bbox 292 4044 389 4109; x_wconf 74' lang='lat' dir='ltr'>laedat</span> <span class='ocrx_word' id='word_1_243' title='bbox 412 4066 578 4108; x_wconf 86' lang='lat' dir='ltr'>occurrere</span> <span class='ocrx_word' id='word_1_244' title='bbox 603 4044 784 4126; x_wconf 89' lang='lat' dir='ltr'>contigerit,</span> <span class='ocrx_word' id='word_1_245' title='bbox 808 4064 880 4106; x_wconf 91' lang='lat' dir='ltr'>eum</span> <span class='ocrx_word' id='word_1_246' title='bbox 910 4044 1057 4106; x_wconf 84' lang='lat' dir='ltr'>invocato</span> <span class='ocrx_word' id='word_1_247' title='bbox 1084 4061 1246 4105; x_wconf 88' lang='lat' dir='ltr'>musarum</span> 
     </span>
     <span class='ocr_line' id='line_1_34' title="bbox 295 4140 1248 4222; baseline -0.002 -15"><span class='ocrx_word' id='word_1_248' title='bbox 295 4146 414 4208; x_wconf 87' lang='lat' dir='ltr'>auxilio</span> <span class='ocrx_word' id='word_1_249' title='bbox 449 4145 579 4208; x_wconf 91' lang='lat' dir='ltr'>studeas</span> <span class='ocrx_word' id='word_1_250' title='bbox 610 4145 802 4222; x_wconf 89' lang='lat' dir='ltr'>demulcere,</span> <span class='ocrx_word' id='word_1_251' title='bbox 832 4156 887 4207; x_wconf 89' lang='lat' dir='ltr'>aut</span> <span class='ocrx_word' id='word_1_252' title='bbox 919 4145 1082 4219; x_wconf 77' lang='lat' dir='ltr'>Herculea</span> <span class='ocrx_word' id='word_1_253' title='bbox 1115 4140 1248 4205; x_wconf 87' lang='lat' dir='ltr'>domare</span> 
     </span>
     <span class='ocr_line' id='line_1_35' title="bbox 296 4239 1253 4326; baseline -0.003 -19"><span class='ocrx_word' id='word_1_254' title='bbox 296 4248 393 4308; x_wconf 87' lang='lat' dir='ltr'>olava.</span> <span class='ocrx_word' id='word_1_255' title='bbox 435 4247 558 4311; x_wconf 88' lang='lat' dir='ltr'>Salutat</span> <span class='ocrx_word' id='word_1_256' title='bbox 574 4257 605 4309; x_wconf 88' lang='lat' dir='ltr'>te</span> <span class='ocrx_word' id='word_1_257' title='bbox 622 4258 797 4310; x_wconf 88' lang='lat' dir='ltr'>castrorum</span> <span class='ocrx_word' id='word_1_258' title='bbox 817 4245 892 4307; x_wconf 90' lang='lat' dir='ltr'>fidei</span> <span class='ocrx_word' id='word_1_259' title='bbox 910 4243 1058 4326; x_wconf 89' lang='lat' dir='ltr'>jucunda</span> <span class='ocrx_word' id='word_1_260' title='bbox 1072 4255 1104 4305; x_wconf 91' lang='lat' dir='ltr'>et</span> <span class='ocrx_word' id='word_1_261' title='bbox 1127 4239 1253 4304; x_wconf 84' lang='lat' dir='ltr'>meritis</span> 
     </span>
     <span class='ocr_line' id='line_1_36' title="bbox 297 4339 1258 4430; baseline -0.006 -22"><span class='ocrx_word' id='word_1_262' title='bbox 297 4347 362 4408; x_wconf 89' lang='lat' dir='ltr'>suis</span> <span class='ocrx_word' id='word_1_263' title='bbox 378 4348 598 4430; x_wconf 89' lang='lat' dir='ltr'>amplectenda</span> <span class='ocrx_word' id='word_1_264' title='bbox 614 4348 736 4411; x_wconf 91' lang='lat' dir='ltr'>militia.</span> <span class='ocrx_word' id='word_1_265' title='bbox 776 4348 851 4409; x_wconf 90' lang='lat' dir='ltr'>Non</span> <span class='ocrx_word' id='word_1_266' title='bbox 868 4345 946 4407; x_wconf 92' lang='lat' dir='ltr'>mihi</span> <span class='ocrx_word' id='word_1_267' title='bbox 961 4344 1155 4428; x_wconf 89' lang='lat' dir='ltr'>displicebit,</span> <span class='ocrx_word' id='word_1_268' title='bbox 1172 4339 1258 4403; x_wconf 92' lang='lat' dir='ltr'>dum</span> 
     </span>
    </p>
   </div>
   <div class='ocr_carea' id='block_1_3' title="bbox 0 0 1531 5200">
    <p class='ocr_par' dir='ltr' id='par_1_3' title="bbox 0 0 1531 5200">
     <span class='ocr_line' id='line_1_37' title="bbox 0 0 1531 5200; baseline 0 0"><span class='ocrx_word' id='word_1_269' title='bbox 0 0 1531 5200; x_wconf 95' lang='lat' dir='ltr'> </span> 
     </span>
    </p>
   </div>
  </div>
 </body>
</html>
