3034 5200
280 725 339 784 lla
532 736 667 781 Joauurs
684 733 965 779 sanusnnruuusrs
1133 717 1178 795 [r.
1195 735 1227 780 n.

279 891 430 953 scriberet
449 891 549 953 robis.
595 890 742 952 Nuncios
762 890 870 971 itaque
894 900 1017 950 nostros
1041 899 1166 951 constat
1188 887 1231 951 ad

278 989 398 1052 curiam
414 991 605 1072 pervenisse,
622 999 654 1052 et
667 990 713 1052 ibi
729 999 841 1051 contra
855 991 977 1069 legatos
1000 989 1122 1052 domini
1145 989 1230 1070 regis

277 1091 403 1170 Angliae
415 1089 469 1153 diu
479 1112 627 1173 magnum
635 1089 787 1152 habuisse
799 1089 948 1170 litigium,
958 1089 1015 1152 sed
1028 1089 1066 1152 de
1079 1091 1232 1152 omnibus

278 1201 399 1273 septem
414 1212 474 1254 nec
495 1212 577 1253 unus
599 1189 706 1253 adhue
729 1188 865 1253 redierat
887 1189 1060 1252 Dominica
1080 1192 1231 1274 proxima

276 1301 351 1374 post
360 1291 603 1356 Ascensionem.
648 1290 758 1372 Litigii
771 1311 878 1353 eorum
895 1312 960 1352 non
977 1292 1083 1354 scribo
1094 1292 1230 1368 exitum,

280 1393 354 1477 quia
368 1394 474 1457 adhuc
497 1394 625 1474 ignotus
647 1403 705 1471 est,
720 1392 783 1454 nisi
806 1393 895 1475 quod
917 1415 936 1456 a
958 1393 1166 1457 redeuntibus
1189 1396 1230 1456 ab

279 1497 456 1579 apostolica
472 1495 547 1560 sede
569 1494 667 1558 audio
683 1515 739 1558 eos
753 1494 788 1557 in
804 1515 917 1557 caussa
931 1505 1133 1579 prosperatos
1148 1517 1229 1578 prae-

279 1600 416 1663 valuisse
430 1598 557 1662 nunciis
579 1599 673 1677 regis.
719 1596 784 1659 Sed
806 1609 975 1680 quatenus,
990 1598 1149 1662 incertum
1171 1607 1228 1660 est

277 1701 398 1764 Nescio
421 1700 507 1762 euim
531 1701 557 1761 si
579 1699 643 1761 voti
667 1709 833 1781 compotes
858 1698 993 1762 redeunt
1019 1698 1229 1780 petitionibus

278 1800 471 1882 adimpletis,
486 1822 526 1862 an
543 1800 613 1862 haec
636 1799 886 1883 prosperationis
901 1822 1009 1864 eorum
1032 1822 1156 1864 summa
1177 1801 1229 1877 sit,

278 1899 364 1982 quod
379 1899 489 1961 nuncii
504 1899 588 1979 regis
603 1899 722 1962 iusecto
737 1901 870 1979 negotio
882 1901 1008 1983 inglorii
1023 1911 1227 1965 revertuntur.

278 1999 443 2063 Nuncium
470 2010 606 2062 restrum
633 1998 698 2062 vidi
723 2021 827 2082 nuper
855 2001 888 2064 in
917 2004 1079 2086 colloquio
1108 2025 1228 2084 regum,

277 2102 388 2164 habito
416 2123 515 2184 prope
546 2100 746 2178 Medontam,
775 2104 831 2165 ubi
855 2103 895 2166 de
918 2127 998 2187 pace
1024 2107 1226 2169 tractabatur.

280 2201 393 2265 Plures
409 2202 495 2285 apud
513 2202 633 2283 Anglos
648 2202 817 2266 habebatis
841 2205 989 2285 fautores,
1003 2207 1059 2270 sed
1084 2206 1160 2292 quid
1182 2206 1230 2268 illi

278 2325 336 2388 pro
360 2304 450 2366 vobis
472 2304 676 2382 obtinuerint,
699 2307 865 2388 explorare
887 2330 955 2372 non
978 2310 1077 2391 potui.
1121 2310 1228 2372 Alium

279 2406 319 2469 de
341 2406 452 2470 vestris
474 2405 540 2468 ridi
561 2405 703 2484 Parisiis,
723 2421 755 2471 et
777 2411 914 2491 qualiter
936 2411 1066 2475 domino
1090 2411 1229 2474 Cautua·

277 2508 376 2572 riensi
392 2509 572 2590 scripserim
588 2530 646 2592 pro
661 2512 864 2575 revocatione
879 2522 994 2590 vestra,
1005 2516 1093 2577 novit
1107 2515 1230 2579 amicus

277 2621 381 2675 vester
392 2610 542 2674 dominus
554 2612 596 2675 G.
608 2658 615 2674 .
628 2660 634 2674 .
645 2614 789 2677 inclusus
801 2615 887 2697 apud
900 2626 1044 2678 sanctum
1055 2616 1229 2692 Hilarium,

279 2714 334 2798 qui
348 2714 455 2778 literas
469 2713 619 2796 inspexit,
636 2716 777 2799 mihique
792 2716 873 2778 foret
896 2716 1120 2796 gratissimum,
1135 2716 1162 2778 si
1186 2717 1229 2779 ad

279 2828 412 2880 vestram
442 2816 586 2880 notitiam
616 2818 822 2899 pervenisset.
868 2817 975 2888 Quum
1006 2838 1079 2879 vero
1103 2818 1225 2893 nuncii,

278 2919 420 2981 Domino
436 2918 638 3001 propitiante,
655 2917 817 2996 redierint,
831 2917 918 3000 quod
938 2915 973 2980 in
987 2918 1073 2980 brevi
1088 2919 1226 2981 suturum

279 3019 427 3094 creditur,
452 3030 484 3080 et
508 3018 548 3081 de
571 3028 690 3095 nostro,
710 3030 742 3082 et
766 3016 805 3081 de
831 3031 932 3080 vestro
957 3018 1085 3099 negotio
1111 3020 1228 3083 erimus

279 3121 437 3183 certiores.
482 3121 600 3197 Quare,
627 3120 654 3182 si
680 3120 797 3202 placet,
821 3117 1069 3183 moderationem
1093 3134 1227 3185 vestram

278 3244 344 3284 non
360 3220 708 3286 decetirrevocabiliter
718 3220 890 3301 indignari,
902 3242 961 3286 nec
976 3234 1042 3285 tam
1057 3245 1226 3307 properum

280 3323 432 3387 discessui
448 3322 572 3385 debetis
587 3321 751 3403 praefigere
775 3321 879 3385 diem:
911 3324 987 3405 quia
1002 3344 1061 3386 nec
1084 3334 1226 3386 nostrum

279 3446 339 3488 nee
375 3435 511 3488 vestrum
550 3436 598 3488 est
635 3422 764 3485 Divinae
799 3423 995 3485 miserationi
1032 3424 1227 3506 praestituere

278 3538 414 3612 tempus,
430 3538 484 3589 aut
499 3525 696 3589 sustinentiae
712 3525 891 3588 terminum.
936 3525 1002 3588 Sed
1023 3525 1109 3609 quod
1125 3547 1228 3590 sacer·

280 3629 371 3693 dotes
387 3651 405 3692 a
419 3630 439 3692 J
442 3628 531 3692 udith
548 3628 643 3691 vidua
663 3626 769 3708 legitis
785 3625 948 3701 didicisse,
966 3626 1088 3710 justum
1105 3637 1154 3691 est
1168 3650 1229 3691 nos

279 3749 401 3803 omnes,
411 3729 532 3791 Christi
543 3750 699 3812 pauperes
713 3741 745 3792 et
755 3729 960 3813 proscriptos,
971 3731 1095 3793 animas
1106 3742 1229 3793 nostras

278 3830 311 3891 in
328 3828 441 3890 virtute
456 3832 618 3911 patientiae
634 3831 811 3914 possidere,
825 3842 857 3895 et
871 3843 1058 3916 exspectare
1077 3832 1109 3893 in
1133 3831 1230 3893 devo·

279 3932 377 4004 tione,
394 3937 425 3992 et
440 3929 566 3991 silentio
582 3933 717 3995 salutare
734 3934 808 3997 Dei.
853 3933 907 3997 Sic
923 3932 1171 4015 expectantibus
1187 3952 1228 3992 ex

280 4032 445 4116 inopinato
458 4030 558 4093 aderit
572 4032 671 4113 gratia
684 4034 891 4112 consolatrix,
901 4044 934 4096 et
947 4042 1110 4115 amputato
1125 4033 1229 4115 capite

282 4134 479 4210 Holofemis,
491 4132 550 4196 filii
566 4133 665 4196 lsrael
677 4133 732 4196 diu
745 4134 923 4197 desiderata
937 4153 1017 4216 pace
1032 4130 1227 4213 gaudebunt.

325 4238 396 4299 Nec
427 4235 585 4312 dehortor,
615 4235 692 4318 quin
722 4236 749 4299 si
777 4235 821 4299 ita
856 4233 975 4296 sederit
1008 4235 1125 4309 animo,
1156 4257 1228 4299 cum

281 4334 410 4397 domino
455 4358 529 4417 rege
569 4336 741 4417 Anglorum
787 4355 911 4417 pacem,
939 4354 1033 4417 quam
1073 4334 1136 4398 sere
1172 4356 1228 4419 pro
