3034 5200
307 731 419 806 noa]
693 745 871 794 ansanus.
1008 719 1015 732 '
1046 807 1051 813 ⁸
1219 737 1262 795 ar

303 901 452 964 celebrat.
483 901 554 963 Nec
573 897 735 984 aliquibus
750 899 882 963 dubium
896 899 1056 983 puto,nisi
1071 901 1149 965 torte
1161 903 1258 966 lateat

300 1000 373 1064 illos
388 1001 443 1085 qui
457 1000 517 1064 soli
533 1000 594 1064 hac
609 1008 799 1086 tempestato
815 1000 950 1063 exulant
965 999 1054 1064 domi
1069 1021 1147 1066 sna.

228 1142 231 1147 »
343 1101 427 1176 Quia
440 1123 516 1184 ergo
530 1103 572 1164 ab
587 1101 720 1166 Oriente
736 1101 807 1184 jam
822 1098 930 1163 radius
945 1101 1125 1165 screnitatis
1145 1102 1255 1167 illuxit

298 1221 356 1286 per
371 1204 546 1281 Christum,
561 1212 594 1266 et
607 1202 814 1266 incolumitas
832 1201 979 1265 ccclesia
993 1201 1027 1264 iu
1043 1203 1148 1287 capite
1162 1224 1254 1286 repa·

299 1314 394 1383 ratur,
405 1316 549 1387 superest
562 1324 636 1387 spes
658 1300 735 1366 fidei
749 1301 936 1380 certissima,
951 1302 1038 1386 quod
1054 1315 1252 1386 unguentum

298 1425 318 1467 a
331 1407 436 1489 capite
447 1407 482 1469 in
493 1405 717 1487 Apostolicam
728 1404 861 1467 barbam
874 1405 1066 1484 exuberans,
1077 1403 1253 1469 descendet

298 1504 332 1568 in
354 1518 453 1589 caput
474 1517 507 1569 et
530 1526 618 1568 oram
639 1504 827 1587 Anglicanae
849 1505 1013 1568 ecclesiae:
1046 1514 1079 1569 et
1101 1508 1156 1589 qui
1177 1526 1250 1589 pro·

298 1607 429 1689 phetam
444 1605 655 1671 exterminare
677 1605 789 1670 nititur
808 1604 850 1668 da
865 1607 976 1684 Israel,
989 1607 1052 1670 nisi
1072 1607 1154 1670 forte
1175 1607 1252 1672 resi·

299 1708 415 1790 piscat,
436 1707 575 1770 divinam
598 1707 785 1770 sententiam
808 1706 968 1790 excipiet:
998 1706 1129 1771 dicento
1152 1711 1252 1774 Amos

298 1808 478 1892 adipsum:
513 1809 602 1872 Uaor
616 1814 675 1872 tua
689 1809 726 1872 tn
747 1809 875 1872 astate
884 1807 1121 1890 sonticnbitur,
1133 1816 1166 1874 ct
1175 1812 1250 1892 fib'i

297 1911 358 1988 tui,
372 1919 404 1974 et
412 1912 504 1995 filioe
525 1916 589 1974 tue
607 1912 645 1974 itt
663 1910 775 1992 gladio
793 1909 922 1985 cudent,
937 1917 969 1973 et
989 1911 1110 1974 humus
1130 1917 1190 1975 tuo
1210 1912 1250 1975 in

284 2012 442 2093 funiculo
455 2015 614 2091 awtiatar,
627 2019 659 2076 ct
680 2019 719 2076 tu
739 2013 775 2076 ta
798 2017 886 2075 torro
903 2012 1034 2093 polluto
1051 2014 1204 2091 morieris,
1217 2020 1251 2077 et

230 2197 233 2202 .
290 2115 432 2196 populm
445 2121 524 2179 tuus
538 2117 687 2198 captivus
700 2113 853 2195 migrabit
873 2114 913 2176 dc
934 2119 1024 2177 terro
1044 2134 1117 2178 auo.
1164 2117 1248 2179 Haec

295 2224 343 2279 cst
356 2217 443 2280 enim
457 2238 553 2301 poena
568 2216 784 2280 resistentium
798 2216 894 2279 verbo
909 2216 983 2293 Dei,
994 2226 1027 2278 et
1041 2226 1248 2300 potestatum,

295 2334 366 2396 qua
393 2335 449 2378 ora
473 2316 677 2380 sacerdotum
702 2312 848 2378 nituntur
874 2313 1054 2379 occludere.
1098 2317 1247 2381 Profecto

293 2422 372 2478 tunc
387 2415 470 2478 daus
485 2415 595 2478 dolore
605 2415 800 2492 miscebitur,
812 2424 846 2478 et
859 2424 1002 2479 extrema
1015 2415 1126 2496 gaudii
1139 2418 1246 2481 luctus

292 2516 477 2598 occupabit,
490 2524 523 2578 et
536 2535 676 2578 amarum
691 2516 759 2592 erit,
775 2517 881 2580 cibum
898 2524 933 2580 ct
952 2527 1063 2601 potum
1086 2530 1119 2583 et
1140 2519 1245 2584 amica

292 2616 454 2699 colloquia
462 2636 535 2680 cunr
545 2616 834 2680 excommunicatis
843 2619 1108 2683 communicasse.
1140 2622 1243 2684 Num·

291 2718 370 2803 quid
399 2729 475 2781 tunc
506 2718 705 2795 Balaamitae,
729 2718 903 2801 pontifices
932 2731 964 2782 et
991 2720 1184 2798 sacerdotes,
1210 2733 1246 2784 ct

290 2819 1244 2905 priucipesTaphneosetArioliconsiliissuiasalvarepote·

290 2932 362 2984 runt
375 2921 582 2999 Medianum,
597 2941 697 3005 quum
712 2940 769 2983 eoa
784 2919 909 3001 gladius
925 2921 1058 2984 Domini
1073 2942 1244 3007 perseque-

291 3020 363 3085 tur?
403 3022 570 3105 Numquid
593 3021 781 3085 cardinales
804 3020 981 3103 proderunt
1004 3033 1060 3086 aut
1084 3024 1194 3106 legati,
1215 3026 1244 3088 si

292 3124 480 3186 Balaamitoe
504 3122 622 3185 suerint
649 3122 684 3184 iu
713 3121 768 3184 dio
798 3121 955 3185 Domini?
996 3123 1090 3188 Corte
1116 3127 1144 3189 si
1172 3127 1243 3209 ipse

291 3224 414 3286 affuerit
439 3224 584 3298 Balaam,
609 3228 665 3285 aut
689 3220 861 3286 benedicet
886 3224 1102 3288 tabernaculis
1127 3228 1242 3303 Jacob,

291 3345 363 3407 quae
378 3344 463 3385 nunc
478 3321 634 3406 proscribi
649 3333 680 3385 et
694 3323 824 3384 exulare
839 3322 987 3387 ridentur
1000 3323 1033 3385 in
1054 3345 1172 3405 eremo,
1187 3337 1243 3389 aut

287 3424 397 3507 gladio
410 3423 532 3489 cadens
546 3425 633 3487 verbi
656 3424 720 3487 Dei
735 3423 799 3486 sibi
812 3422 1027 3487 adversarium
1048 3444 1118 3488 esse
1140 3448 1240 3509 expe-

289 3526 386 3590 rietur
408 3525 560 3610 Spiritum
575 3526 748 3588 Sanctum:
780 3534 812 3587 et
827 3524 945 3587 sentiet
966 3524 1043 3607 quia
1057 3525 1142 3588 sicut
1163 3528 1241 3590 allo-

288 3629 456 3711 phylorum
468 3647 588 3689 messes
603 3637 634 3689 et
648 3636 728 3703 sata,
739 3626 785 3689 ita
800 3635 832 3688 et
842 3622 1084 3687 incendentium
1095 3626 1240 3709 vulpium

290 3728 410 3792 caudas
423 3728 506 3810 ignis
522 3728 638 3790 exurit.

328 3831 411 3894 Haec
427 3829 547 3893 idcirco
561 3829 833 3912 praemiserimus
853 3828 926 3910 quis
941 3828 1116 3892 amicorum
1138 3839 1238 3915 ponat

282 3951 411 3994 carnem
431 3930 600 3993 brachium
622 3950 726 4008 suum,
740 3940 773 3993 et
795 3930 1085 3995 excommunicatis
1107 3932 1236 4014 partici-

198 4103 200 4106 ,
281 4032 478 4116 pensinae
504 4031 644 4112 gladium
670 4044 822 4115 provocet
846 4031 896 4094 bis
921 4046 1061 4097 acutum·
1106 4032 1236 4094 Dicitur

279 4144 397 4210 autem,
414 4133 503 4217 quod
525 4133 594 4197 siue
617 4132 728 4196 dolore
751 4144 784 4197 et
805 4132 969 4198 lachrimis
990 4152 1118 4217 nequeo
1140 4129 1234 4191 remi·

278 4235 370 4311 uisci,
393 4233 481 4317 quod
503 4245 614 4298 sancta
635 4232 876 4298 Cantuaricnsis
897 4234 1037 4296 ccclesia
1057 4228 1232 4314 participa-

278 4334 366 4398 tione
393 4336 480 4398 illius
508 4335 642 4417 insignis
672 4331 944 4398 excommunicati
973 4328 1162 4413 Randulphi
1192 4326 1234 4392 de

732 4438 787 4494 rt
1201 4434 1204 4441 '
