3034 5200
304 717 367 776 208
551 731 688 777 somma
703 730 985 777 sanasuamuusrs
1162 712 1207 792 [A.
1223 733 1254 774 n.

299 890 332 943 ct
354 877 516 954 honorem,
540 879 628 964 quod
651 879 781 965 quidem
805 893 837 944 et
860 904 920 965 ego
942 880 1035 955 facio,
1059 880 1194 966 cupiatis
1216 894 1252 944 ut

299 990 442 1043 vestrum
454 983 468 1042 i

341 1075 398 1139 Vir
412 1078 494 1142 euim
510 1091 558 1144 est
572 1081 658 1144 omni
681 1079 775 1144 laude
795 1083 905 1167 major,
921 1081 947 1146 si
962 1081 1101 1145 ecclesiae
1125 1083 1198 1160 Dei,
1215 1094 1250 1145 ut
1316 1120 1329 1130 —

299 1189 437 1262 oportet,
453 1178 591 1246 deferret
607 1180 719 1267 magis,
734 1194 854 1245 etcum
870 1182 920 1246 his
942 1182 1117 1246 modestius
1131 1195 1251 1266 ageret,

299 1279 355 1365 qui
371 1303 442 1345 cum
459 1304 497 1345 eo
510 1283 713 1361 contrahunt,
728 1295 762 1348 et
776 1282 885 1371 aliqua
901 1285 1033 1359 ratione,
1054 1305 1117 1347 non
1129 1285 1252 1370 impetu

298 1383 357 1446 irae
372 1382 423 1446 vel
437 1385 569 1449 alterius
588 1385 781 1471 reprimendi
802 1389 945 1467 affectus,
963 1386 1050 1452 etad
1073 1408 1251 1450 mensuram

299 1483 397 1568 regiae
410 1485 579 1570 gravitatis
595 1487 736 1570 linguam
752 1487 914 1554 cohiberet
929 1502 961 1553 et
976 1488 1124 1553 animum.
1166 1486 1252 1550 Alias

300 1597 408 1650 autem
426 1599 550 1652 naturae
569 1588 688 1673 pariter
708 1602 740 1654 et
759 1591 873 1675 gratioe
895 1602 943 1655 tot
958 1604 990 1654 et
1006 1589 1105 1654 tantis
1121 1589 1253 1653 dotibus

299 1686 455 1771 praeditus
484 1699 543 1765 est,
568 1701 604 1752 ut
633 1690 661 1753 ei
692 1689 873 1776 principum
897 1689 1014 1771 nullus,
1040 1689 1126 1774 quod
1153 1688 1253 1774 magis

282 1785 499 1875 crediderim,
521 1787 572 1851 vel
601 1788 774 1853 admodum
800 1813 902 1870 rarus,
925 1790 1010 1875 quod
1037 1789 1255 1855 indubitanter

300 1885 446 1968 dixerim,
461 1887 573 1953 similis
593 1890 789 1954 inveniretur
809 1893 841 1954 in
862 1892 949 1956 orbe.
995 1891 1110 1953 Timeo
1124 1912 1253 1953 verone

299 1988 391 2053 vobis
412 1990 499 2075 apud
522 2012 593 2055 eum
615 1994 760 2055 nocuerit
782 1991 861 2055 fides
882 2005 914 2054 et
936 1991 1115 2054 officiositas
1138 2004 1254 2066 vestra,

300 2111 339 2153 eo
354 2088 441 2175 quod
453 2090 660 2176 colloquium,
684 2091 815 2155 sicutad
832 2091 983 2155 honorem
998 2092 1069 2176 ejus
1084 2091 1250 2170 volebatis,

301 2212 363 2254 non
378 2190 528 2276 potuistis
542 2215 562 2255 a
578 2192 799 2257 cantuariensi
821 2192 1057 2279 archiepiscopo
1071 2193 1251 2278 impetrare.

300 2291 398 2356 Unde
412 2314 524 2378 precor
538 2291 702 2368 attentius,
717 2306 756 2357 ut
771 2294 849 2358 mihi
864 2295 938 2381 quis
951 2294 1038 2359 illius
1052 2294 1138 2358 verbi
1153 2294 1252 2357 fuerit

300 2394 417 2472 exitus,
432 2409 464 2460 et
479 2418 554 2481 quoe
575 2395 659 2460 circa
672 2418 730 2461 vos
752 2410 825 2462 sunt
848 2408 879 2460 et
902 2409 1056 2461 vestrates
1077 2395 1252 2480 significare

301 2494 485 2582 dignemini.
521 2497 561 2559 Iu
576 2495 704 2580 negotio
719 2508 827 2561 autem
843 2495 931 2582 quod
947 2496 1037 2560 robis
1051 2495 1253 2581 praesentium

301 2597 384 2665 lator
413 2612 562 2684 exponet,
589 2597 633 2663 sic
661 2600 813 2684 procedat
843 2597 1008 2683 diligentia
1032 2611 1147 2675 vestra,
1174 2597 1254 2661 sicut

301 2700 438 2764 maxime
458 2698 604 2766 videritis
618 2700 779 2784 expedire.
824 2702 875 2763 De
890 2700 939 2763 his
955 2722 1030 2762 vero
1044 2701 1100 2783 qui
1118 2700 1253 2761 Romam

301 2802 436 2889 profecti
466 2815 550 2883 suut,
565 2802 645 2866 nihil
666 2801 773 2866 adhuc
794 2814 916 2865 certum
943 2812 1046 2879 teneo,
1071 2800 1126 2863 sed
1148 2821 1249 2884 quum

301 2902 498 2967 innotuerint
523 2902 700 2979 referenda,
726 2902 803 2967 data
827 2901 982 2966 divinitus
1011 2900 1252 2987 opportunitate

301 3024 372 3067 meo
389 3002 496 3069 studio
510 3014 702 3088 procurante
716 3002 956 3088 proficiscentur
970 3003 1011 3068 ad
1027 3026 1092 3068 vos.

375 3310 596 3374 EPISTOLA
619 3313 990 3378 CCLXXXVlll.-an
1005 3331 1173 3375 nouorum

571 3427 615 3471 nn
631 3428 728 3472 carr.
772 3411 990 3489 [Λ.Ι).1169.]

513 3616 515 3620 -
570 3575 661 3640 Idem
677 3574 815 3656 Hugoni
830 3576 869 3637 de
886 3574 985 3637 Garat.

345 3709 514 3771 Acrronns
528 3703 703 3788 gratiarum
719 3701 845 3766 debitas
863 3699 1004 3789 parturit
1018 3699 1152 3763 animus.
1191 3700 1252 3763 Sed

302 3820 341 3873 ut
364 3808 409 3873 ait
433 3806 602 3893 propheta,
625 3806 714 3882 vires⁸
728 3828 791 3869 non
816 3805 913 3869 habet
934 3801 1123 3889 parturiens.
1169 3806 1254 3866 Nam

303 3907 479 3972 devotionis
493 3906 641 3969 effectum
653 3906 818 3991 suspendit
833 3904 986 3967 hactenus
999 3901 1256 3987 persequutionis

303 4008 469 4085 acerbitas,
485 4006 539 4070 sed
555 4005 716 4082 affectum,
734 4006 811 4092 quin
832 4006 865 4069 in
888 4018 1016 4090 partum
1031 4003 1255 4087 gratulationis

302 4130 468 4195 erumpere
481 4106 608 4192 gestiat,
621 4105 709 4169 nulla
720 4105 769 4170 vis
784 4117 888 4191 potest
903 4116 959 4167 aut
976 4102 1082 4189 potuit
1098 4103 1254 4168 cohibere.

303 4211 349 4274 Et
372 4209 503 4296 quidem
527 4208 599 4273 Deo
629 4208 821 4294 propitiante
846 4207 915 4292 jam
941 4204 972 4268 in
999 4226 1073 4267 eum
1096 4204 1253 4268 calculum

304 4310 423 4375 Christi
450 4326 482 4375 et
505 4311 644 4376 ecclesiae
671 4334 737 4375 suae
761 4331 854 4373 causa
883 4307 1038 4394 perducta
1064 4320 1122 4381 est,
1147 4320 1182 4370 ut
1214 4304 1254 4368 de
