3034 5200
289 711 397 789 lton]
663 726 841 771 nrrsrona.
1181 713 1240 770 149

287 891 321 941 et
336 878 433 963 aliqui
449 881 531 942 iuter
546 897 603 940 vos
618 877 674 962 qui
691 876 892 941 serenitatem
906 879 976 962 ejus
989 877 1095 962 pravis
1110 899 1240 961 sugges·

287 981 427 1044 tionibus
442 980 594 1044 adversus
609 978 686 1042 alios
702 979 880 1042 incitarent.
924 979 1074 1042 Utuntur
1091 979 1174 1041 enim
1198 979 1239 1043 ad

283 1080 344 1143 hoc
358 1080 533 1145 ministerio
556 1079 769 1165 quorumdam
787 1091 993 1161 nugatorum,
1009 1078 1127 1164 quibus
1141 1079 1238 1143 iuter·

284 1181 360 1245 dum
383 1193 472 1267 patet
495 1202 649 1259 accessus,
667 1191 703 1242 ut
726 1179 860 1242 auribus
883 1180 953 1264 ejus
975 1181 1095 1265 possint
1118 1202 1238 1243 venena

283 1304 350 1345 suae
373 1282 421 1344 rel
446 1281 556 1346 alienae
582 1279 715 1344 maliciae
740 1279 914 1343 instillare:
949 1280 1018 1364 ipse
1043 1292 1147 1343 tamen
1177 1281 1237 1343 fre-

284 1385 492 1470 quentissime
509 1383 683 1448 contemnit
706 1381 799 1445 talia:
831 1395 862 1444 et
886 1380 911 1444 si
934 1381 1094 1445 interdum
1118 1383 1172 1446 sed
1195 1382 1237 1447 ad

285 1485 396 1549 horam
412 1485 588 1570 non'possit
599 1483 815 1547 non'moveri:
840 1494 951 1568 parcat
966 1483 1029 1546 illis
1045 1484 1135 1548 Deus
1150 1499 1181 1550 et
1195 1486 1236 1549 ad

284 1587 392 1649 studia
406 1584 524 1670 dirigat
540 1584 679 1650 meliora.
725 1584 810 1659 Quia
825 1607 901 1666 ergo
917 1597 958 1647 te
973 1585 1072 1670 (quod
1095 1609 1135 1649 ex
1157 1587 1237 1651 iuvi-

285 1687 339 1750 dia
363 1689 531 1773 provenire
555 1710 616 1751 non
639 1686 764 1769 dubito)
791 1697 858 1771 prae
883 1687 1008 1750 cae'teris
1029 1686 1236 1766 insectantur,¹

284 1789 409 1853 custodi
424 1790 634 1853 innocentiam
652 1802 752 1865 tuam,
769 1788 848 1852 etin
872 1787 920 1851 bis
943 1811 1018 1873 quae
1033 1790 1101 1852 vice
1125 1783 1236 1876 prioris

286 1891 387 1977 egeris
404 1892 508 1977 palam
531 1906 673 1978 operare,
690 1904 726 1954 ut
751 1890 888 1953 fratrum
905 1903 1039 1954 tuorum'
1057 1893 1237 1956 testimonio

287 2007 396 2058 contra
406 1993 538 2057 aemulos
550 2006 605 2057 tua
618 1991 780 2056 sinceritas
791 1990 997 2057 convalescat.
1027 1993 1123 2055 Nunc¹
1131 2005 1237 2058 antem

285 2095 344 2159 tibi
373 2096 414 2159 de
443 2118 533 2159 novo·
549 2095 739 2181 imputatur,
765 2093 853 2180 quod
884 2094 1045 2158 ecclesiam
1076 2095 1236 2180 quandam

284 2197 394 2261 donari
415 2198 538 2276 feceris,
557 2208 590 2261 et
612 2196 723 2260 charta
745 2194 890 2259 ecclesiae·
907 2195 1086 2260 confirmari
1110 2197 1236 2261 cuidam

283 2298 566 2376 excommunicato,
589 2296 697 2383 nepoti
722 2296 840 2362 scilicet
866 2295 1055 2383 Randulphi
1078 2298 1118 2361 de
1141 2302 1235 2374 Broc,

286 2422 382 2484 quem
397 2398 504 2462 nullus
519 2391 653 2480 ambigit
677 2396 877 2461 anathemate
892 2397 1147 2461 condemnatum.
1193 2399 1238 2462 Et

287 2499 367 2564 scias
390 2499 476 2585 quod
499 2497 647 2561 dominus
672 2497 855 2562 Willelmus
878 2499 1045 2563 cardinalis
1067 2500 1143 2563 mihi
1166 2523 1239 2565 con-

288 2603 389 2666 sessus
404 2613 451 2665 est
469 2624 501 2665 se
517 2624 579 2664 nou
599 2600 787 2687 praecepisse
808 2613 844 2665 ut
859 2602 974 2689 aliquis
988 2603 1239 2667 excommunica}

285 2717 390 2769 torum
407 2715 584 2767 vestrorum
600 2698 829 2783 absolueretur,
844 2704 903 2768 nisi
919 2717 992 2769 ante
1007 2704 1143 2768 dimissis
1165 2727 1236 2789 pos·

285 2807 477 2870 sessionibus
516 2804 730 2881 ecclesiarum,
770 2818 802 2870 et
839 2807 1023 2891 juramento
1063 2806 1235 2871 secundum

283 2930 400 2970 morem
424 2907 562 2970 ecclesiae
588 2905 739 2991 praestito¹
759 2905 800 2970 de
826 2906 1033 2971 restituendis
1058 2906 1180 2981 ablatis,
1204 2922 1236 2973 et

283 3008 440 3091 condigna
454 3004 665 3072 satiSfactioue
680 3007 869 3071 exhibenda.
915 3008 1043 3073 Debent
1059 3012 1154 3073 etiam
1177 3011 1234 3097 qui

284 3109 457 3173 detrahunt
473 3099 541 3185 tibi,
556 3108 642 3192 qnod
657 3108 801 3171 defuncti
823 3108 937 3194 prioris
959 3109 1126 3175 thesauros
1144 3135 1237 3176 occu-

285 3211 380 3296 pasti,
393 3221 424 3273 et
439 3208 580 3271 ordinem
597 3212 670 3293 plus
680 3210 772 3294 justo
783 3223 815 3274 et
832 3210 926 3274 solito
939 3211 1052 3275 resolvi
1064 3214 1237 3298 promittis,

286 3317 317 3376 in
341 3310 392 3374 his
417 3324 530 3375 tamen
545 3310 702 3375 omnibus
717 3310 859 3375 nondum
886 3335 1016 3377 aversus
1042 3326 1090 3377 est
1112 3315 1237 3379 animus

287 3407 527 3500 archiepiscopi,
551 3436 571 3476 a
596 3424 628 3476 te
655 3435 785 3498 operum
812 3427 985 3499 expectans
1010 3416 1238 3481 testimonium.

287 3518 399 3580 Partes
415 3527 488 3580 tuas
500 3527 530 3579 et
546 3514 696 3592 ecclesiae,
708 3529 866 3602 quantum
879 3514 968 3581 Deus
980 3516 1156 3596 donaverit,
1169 3530 1238 3581 tue-

283 3617 342 3681 bor
357 3630 392 3682 ut
406 3610 550 3702 proprias
561 3635 577 3680 :⁷
592 3617 690 3680 immo
705 3617 791 3682 sicut
802 3621 962 3702 inspector
978 3616 1124 3681 cordium
1136 3618 1240 3687 novit,

285 3719 434 3803 majorem
451 3717 500 3780 his
514 3732 641 3802 operam
658 3716 746 3792 dedi,
758 3730 796 3781 et
807 3717 883 3780 dare
898 3727 1031 3803 paratus
1043 3737 1124 3780 sum.
1163 3717 1237 3781 Hoc

285 3819 326 3884 ab
341 3842 378 3881 eo
392 3819 562 3902 impetrare
575 3840 637 3879 non
652 3818 744 3901 potui
757 3830 794 3881 ut
806 3817 955 3903 episcopo
969 3814 1112 3879 Roffensi
1124 3818 1173 3881 vel
1184 3817 1238 3881 alii

284 3920 324 3983 de
339 3920 441 3983 officio
456 3942 514 3983 suo
530 3920 702 4004 quicquam
717 3919 907 3983 committat.
950 3918 1012 3981 Sed
1029 3931 1060 3981 et
1076 3918 1101 3980 si
1116 3918 1190 4001 quis
1205 3940 1237 3979 se

285 4015 490 4087 immiscuerit
505 4044 567 4085 non
584 4022 663 4084 seret
679 4021 847 4107 patienter.
893 4013 971 4084 Vale
991 4030 1064 4105 post
1080 4018 1236 4094 Odonem,

285 4135 317 4186 et
333 4123 436 4186 saluta
449 4122 565 4186 amicos
587 4135 718 4187 nostros¹
732 4144 852 4186 memor
875 4121 953 4184 mihi
976 4116 1100 4182 utiliter
1122 4115 1237 4199 episto.

288 4223 391 4286 larum
407 4223 610 4310 Hieronymi.
