<?xml version="1.0" encoding="UTF-8"?>
<!DOCTYPE html PUBLIC "-//W3C//DTD XHTML 1.0 Transitional//EN"
    "http://www.w3.org/TR/xhtml1/DTD/xhtml1-transitional.dtd">
<html xmlns="http://www.w3.org/1999/xhtml" xml:lang="en" lang="en">
 <head>
  <title>
</title>
<meta http-equiv="Content-Type" content="text/html;charset=utf-8" />
  <meta name='ocr-system' content='tesseract 3.04.00' />
  <meta name='ocr-capabilities' content='ocr_page ocr_carea ocr_par ocr_line ocrx_word'/>
</head>
<body>
  <div class='ocr_page' id='page_1' title='image "./joannissaresber11johngoog_0230.png"; bbox 0 0 3034 5200; ppageno 0'>
   <div class='ocr_carea' id='block_1_1' title="bbox 284 709 1229 814">
    <p class='ocr_par' dir='ltr' id='par_1_1' title="bbox 284 709 1229 814">
     <span class='ocr_line' id='line_1_1' title="bbox 284 709 1229 814; baseline -0.007 -18"><span class='ocrx_word' id='word_1_1' title='bbox 284 730 390 814; x_wconf 79' lang='lat' dir='ltr'>lma]</span> <span class='ocrx_word' id='word_1_2' title='bbox 629 709 632 714; x_wconf 40' lang='grc'><strong>’</strong></span> <span class='ocrx_word' id='word_1_3' title='bbox 667 746 846 792; x_wconf 75' lang='lat' dir='ltr'>nersronm.</span> <span class='ocrx_word' id='word_1_4' title='bbox 1169 733 1229 791; x_wconf 76' lang='lat'>211</span> 
     </span>
    </p>
   </div>
   <div class='ocr_carea' id='block_1_2' title="bbox 277 998 1230 1177">
    <p class='ocr_par' dir='ltr' id='par_1_2' title="bbox 277 998 1230 1177">
     <span class='ocr_line' id='line_1_2' title="bbox 277 998 1230 1068; baseline -0.008 0"><span class='ocrx_word' id='word_1_5' title='bbox 277 1003 497 1068; x_wconf 84' lang='lat' dir='ltr'>EPISTOLA</span> <span class='ocrx_word' id='word_1_6' title='bbox 525 998 861 1064; x_wconf 57' lang='lat' dir='ltr'>cemma-m</span> <span class='ocrx_word' id='word_1_7' title='bbox 882 1015 1088 1060; x_wconf 73' lang='lat' dir='ltr'>converrunt</span> <span class='ocrx_word' id='word_1_8' title='bbox 1107 1015 1230 1060; x_wconf 75' lang='lat' dir='ltr'>cauru-</span> 
     </span>
     <span class='ocr_line' id='line_1_3' title="bbox 526 1097 970 1177; baseline -0.014 -14"><span class='ocrx_word' id='word_1_9' title='bbox 526 1118 708 1163; x_wconf 78' lang='lat' dir='ltr'>Anmusnm.</span> <span class='ocrx_word' id='word_1_10' title='bbox 753 1101 842 1176; x_wconf 72' lang='lat' dir='ltr'>[mo.</span> <span class='ocrx_word' id='word_1_11' title='bbox 863 1097 970 1177; x_wconf 77' lang='lat' dir='ltr'>rme]</span> 
     </span>
    </p>
   </div>
   <div class='ocr_carea' id='block_1_3' title="bbox 521 1274 986 1338">
    <p class='ocr_par' dir='ltr' id='par_1_3' title="bbox 521 1274 986 1338">
     <span class='ocr_line' id='line_1_4' title="bbox 521 1274 986 1338; baseline -0.004 0"><span class='ocrx_word' id='word_1_12' title='bbox 521 1277 613 1338; x_wconf 85' lang='lat' dir='ltr'><em>Idem</em></span> <span class='ocrx_word' id='word_1_13' title='bbox 630 1274 809 1338; x_wconf 70' lang='lat' dir='ltr'>Conveniat</span> <span class='ocrx_word' id='word_1_14' title='bbox 824 1274 986 1338; x_wconf 68' lang='lat' dir='ltr'>contuor.</span> 
     </span>
    </p>
   </div>
   <div class='ocr_carea' id='block_1_4' title="bbox 207 1408 1238 4512">
    <p class='ocr_par' dir='ltr' id='par_1_4' title="bbox 207 1408 1238 4431">
     <span class='ocr_line' id='line_1_5' title="bbox 322 1408 1231 1496; baseline -0.001 -20"><span class='ocrx_word' id='word_1_15' title='bbox 322 1416 441 1476; x_wconf 77' lang='lat' dir='ltr'>Donno</span> <span class='ocrx_word' id='word_1_16' title='bbox 456 1408 653 1474; x_wconf 83' lang='lat' dir='ltr'>dilectissimi</span> <span class='ocrx_word' id='word_1_17' title='bbox 675 1421 707 1474; x_wconf 91' lang='lat' dir='ltr'>et</span> <span class='ocrx_word' id='word_1_18' title='bbox 722 1409 894 1473; x_wconf 80' lang='lat' dir='ltr'><strong>admodum</strong></span> <span class='ocrx_word' id='word_1_19' title='bbox 918 1408 1009 1472; x_wconf 85' lang='lat' dir='ltr'>doleo</span> <span class='ocrx_word' id='word_1_20' title='bbox 1030 1410 1064 1473; x_wconf 90' lang='lat' dir='ltr'>in</span> <span class='ocrx_word' id='word_1_21' title='bbox 1088 1411 1136 1474; x_wconf 92' lang='lat' dir='ltr'>his</span> <span class='ocrx_word' id='word_1_22' title='bbox 1159 1434 1231 1496; x_wconf 85' lang='lat' dir='ltr'>quae</span> 
     </span>
     <span class='ocr_line' id='line_1_6' title="bbox 279 1510 1233 1598; baseline 0.001 -21"><span class='ocrx_word' id='word_1_23' title='bbox 279 1513 320 1577; x_wconf 93' lang='lat' dir='ltr'>de</span> <span class='ocrx_word' id='word_1_24' title='bbox 335 1525 440 1578; x_wconf 87' lang='lat' dir='ltr'>vestra</span> <span class='ocrx_word' id='word_1_25' title='bbox 454 1510 652 1576; x_wconf 81' lang='lat' dir='ltr'>fraternitate</span> <span class='ocrx_word' id='word_1_26' title='bbox 666 1510 752 1576; x_wconf 90' lang='lat' dir='ltr'>dicta</span> <span class='ocrx_word' id='word_1_27' title='bbox 767 1525 841 1576; x_wconf 89' lang='lat' dir='ltr'>sunt</span> <span class='ocrx_word' id='word_1_28' title='bbox 863 1511 953 1586; x_wconf 91' lang='lat' dir='ltr'>mihi,</span> <span class='ocrx_word' id='word_1_29' title='bbox 969 1512 1117 1598; x_wconf 90' lang='lat' dir='ltr'>quoniam</span> <span class='ocrx_word' id='word_1_30' title='bbox 1135 1514 1233 1580; x_wconf 89' lang='lat' dir='ltr'>schis-</span> 
     </span>
     <span class='ocr_line' id='line_1_7' title="bbox 280 1609 1233 1687; baseline 0.001 -10"><span class='ocrx_word' id='word_1_31' title='bbox 280 1625 366 1678; x_wconf 83' lang='lat' dir='ltr'>mata</span> <span class='ocrx_word' id='word_1_32' title='bbox 380 1613 413 1676; x_wconf 93' lang='lat' dir='ltr'>in</span> <span class='ocrx_word' id='word_1_33' title='bbox 429 1611 519 1676; x_wconf 89' lang='lat' dir='ltr'>vobis</span> <span class='ocrx_word' id='word_1_34' title='bbox 537 1622 624 1687; x_wconf 88' lang='lat' dir='ltr'>sunt,</span> <span class='ocrx_word' id='word_1_35' title='bbox 639 1622 676 1675; x_wconf 92' lang='lat' dir='ltr'>ut</span> <span class='ocrx_word' id='word_1_36' title='bbox 698 1633 759 1673; x_wconf 91' lang='lat' dir='ltr'>non</span> <span class='ocrx_word' id='word_1_37' title='bbox 775 1609 860 1674; x_wconf 90' lang='lat' dir='ltr'>idem</span> <span class='ocrx_word' id='word_1_38' title='bbox 882 1612 1026 1676; x_wconf 85' lang='lat' dir='ltr'>sentiatis</span> <span class='ocrx_word' id='word_1_39' title='bbox 1041 1625 1097 1676; x_wconf 91' lang='lat' dir='ltr'>aut</span> <span class='ocrx_word' id='word_1_40' title='bbox 1118 1613 1233 1678; x_wconf 87' lang='lat' dir='ltr'>dicatis</span> 
     </span>
     <span class='ocr_line' id='line_1_8' title="bbox 281 1712 1232 1797; baseline 0.001 -20"><span class='ocrx_word' id='word_1_41' title='bbox 281 1714 314 1778; x_wconf 92' lang='lat' dir='ltr'>in</span> <span class='ocrx_word' id='word_1_42' title='bbox 330 1713 480 1779; x_wconf 88' lang='lat' dir='ltr'>Domino.</span> <span class='ocrx_word' id='word_1_43' title='bbox 518 1715 601 1777; x_wconf 88' lang='lat' dir='ltr'>Nam</span> <span class='ocrx_word' id='word_1_44' title='bbox 621 1713 671 1794; x_wconf 90' lang='lat' dir='ltr'>(ut</span> <span class='ocrx_word' id='word_1_45' title='bbox 693 1712 783 1776; x_wconf 90' lang='lat' dir='ltr'>aiunt</span> <span class='ocrx_word' id='word_1_46' title='bbox 805 1713 862 1797; x_wconf 92' lang='lat' dir='ltr'>qui</span> <span class='ocrx_word' id='word_1_47' title='bbox 883 1715 1149 1777; x_wconf 81' lang='lat' dir='ltr'>conversationem</span> <span class='ocrx_word' id='word_1_48' title='bbox 1167 1737 1232 1778; x_wconf 78' lang='lat' dir='ltr'>ves</span> 
     </span>
     <span class='ocr_line' id='line_1_9' title="bbox 285 1813 1235 1899; baseline -0.001 -19"><span class='ocrx_word' id='word_1_49' title='bbox 285 1828 365 1880; x_wconf 89' lang='lat' dir='ltr'>tram</span> <span class='ocrx_word' id='word_1_50' title='bbox 381 1813 570 1878; x_wconf 90' lang='lat' dir='ltr'>familiarius</span> <span class='ocrx_word' id='word_1_51' title='bbox 584 1813 756 1897; x_wconf 83' lang='lat' dir='ltr'>inspexisse</span> <span class='ocrx_word' id='word_1_52' title='bbox 772 1824 804 1877; x_wconf 92' lang='lat' dir='ltr'>et</span> <span class='ocrx_word' id='word_1_53' title='bbox 819 1813 1032 1899; x_wconf 87' lang='lat' dir='ltr'>perspicacius</span> <span class='ocrx_word' id='word_1_54' title='bbox 1045 1814 1235 1879; x_wconf 85' lang='lat' dir='ltr'>intellexisse</span> 
     </span>
     <span class='ocr_line' id='line_1_10' title="bbox 207 1907 1234 2001; baseline 0 -21"><span class='ocrx_word' id='word_1_55' title='bbox 207 1908 209 1912; x_wconf 43' lang='lat'><em>⁷</em></span> <span class='ocrx_word' id='word_1_56' title='bbox 279 1907 472 1997; x_wconf 86' lang='lat' dir='ltr'>creduntur)</span> <span class='ocrx_word' id='word_1_57' title='bbox 498 1914 579 1980; x_wconf 91' lang='lat' dir='ltr'>alius</span> <span class='ocrx_word' id='word_1_58' title='bbox 605 1928 747 1979; x_wconf 90' lang='lat' dir='ltr'>vestrum</span> <span class='ocrx_word' id='word_1_59' title='bbox 772 1913 862 1994; x_wconf 87' lang='lat' dir='ltr'>dicit,</span> <span class='ocrx_word' id='word_1_60' title='bbox 878 1916 951 2001; x_wconf 84' lang='lat' dir='ltr'>Ego</span> <span class='ocrx_word' id='word_1_61' title='bbox 966 1938 1035 1979; x_wconf 93' lang='lat' dir='ltr'>sum</span> <span class='ocrx_word' id='word_1_62' title='bbox 1060 1915 1153 1999; x_wconf 84' lang='lat' dir='ltr'>regis,</span> <span class='ocrx_word' id='word_1_63' title='bbox 1174 1939 1234 2001; x_wconf 88' lang='lat' dir='ltr'>ego</span> 
     </span>
     <span class='ocr_line' id='line_1_11' title="bbox 279 2016 1234 2103; baseline -0.001 -20"><span class='ocrx_word' id='word_1_64' title='bbox 279 2016 461 2103; x_wconf 87' lang='lat' dir='ltr'>Rauulphi:</span> <span class='ocrx_word' id='word_1_65' title='bbox 486 2039 546 2101; x_wconf 84' lang='lat' dir='ltr'>ego</span> <span class='ocrx_word' id='word_1_66' title='bbox 561 2016 722 2081; x_wconf 89' lang='lat' dir='ltr'>fortunam</span> <span class='ocrx_word' id='word_1_67' title='bbox 734 2038 861 2100; x_wconf 89' lang='lat' dir='ltr'>sequar,</span> <span class='ocrx_word' id='word_1_68' title='bbox 873 2029 906 2080; x_wconf 90' lang='lat' dir='ltr'>et</span> <span class='ocrx_word' id='word_1_69' title='bbox 918 2016 1117 2080; x_wconf 90' lang='lat' dir='ltr'>vincentibus</span> <span class='ocrx_word' id='word_1_70' title='bbox 1129 2016 1234 2082; x_wconf 85' lang='lat' dir='ltr'>adhae-</span> 
     </span>
     <span class='ocr_line' id='line_1_12' title="bbox 278 2115 1232 2202; baseline 0 -21"><span class='ocrx_word' id='word_1_71' title='bbox 278 2117 364 2183; x_wconf 90' lang='lat' dir='ltr'>rebo.</span> <span class='ocrx_word' id='word_1_72' title='bbox 411 2118 501 2180; x_wconf 88' lang='lat' dir='ltr'>Inter</span> <span class='ocrx_word' id='word_1_73' title='bbox 523 2116 591 2180; x_wconf 85' lang='lat' dir='ltr'>hoec</span> <span class='ocrx_word' id='word_1_74' title='bbox 614 2139 704 2181; x_wconf 86' lang='lat' dir='ltr'>rarus</span> <span class='ocrx_word' id='word_1_75' title='bbox 726 2115 900 2180; x_wconf 89' lang='lat' dir='ltr'>admodum</span> <span class='ocrx_word' id='word_1_76' title='bbox 916 2128 976 2194; x_wconf 85' lang='lat' dir='ltr'>est,</span> <span class='ocrx_word' id='word_1_77' title='bbox 993 2117 1112 2202; x_wconf 37' lang='lat' dir='ltr'>sisquis</span> <span class='ocrx_word' id='word_1_78' title='bbox 1128 2129 1232 2182; x_wconf 89' lang='lat' dir='ltr'>tamen</span> 
     </span>
     <span class='ocr_line' id='line_1_13' title="bbox 279 2218 1233 2305; baseline 0 -22"><span class='ocrx_word' id='word_1_79' title='bbox 279 2220 335 2304; x_wconf 91' lang='lat' dir='ltr'>qui</span> <span class='ocrx_word' id='word_1_80' title='bbox 350 2243 415 2287; x_wconf 83' lang='lat' dir='ltr'>suae</span> <span class='ocrx_word' id='word_1_81' title='bbox 426 2218 629 2304; x_wconf 83' lang='lat' dir='ltr'>professionis</span> <span class='ocrx_word' id='word_1_82' title='bbox 645 2241 775 2298; x_wconf 88' lang='lat' dir='ltr'>memor,</span> <span class='ocrx_word' id='word_1_83' title='bbox 787 2219 1056 2303; x_wconf 87' lang='lat' dir='ltr'>archiepiscopum</span> <span class='ocrx_word' id='word_1_84' title='bbox 1073 2219 1125 2282; x_wconf 91' lang='lat' dir='ltr'>cui</span> <span class='ocrx_word' id='word_1_85' title='bbox 1140 2242 1233 2305; x_wconf 90' lang='lat' dir='ltr'>opor-</span> 
     </span>
     <span class='ocr_line' id='line_1_14' title="bbox 279 2318 1235 2406; baseline -0.002 -20"><span class='ocrx_word' id='word_1_86' title='bbox 279 2333 344 2386; x_wconf 89' lang='lat' dir='ltr'>teat</span> <span class='ocrx_word' id='word_1_87' title='bbox 359 2319 482 2386; x_wconf 89' lang='lat' dir='ltr'>obediri</span> <span class='ocrx_word' id='word_1_88' title='bbox 495 2342 526 2382; x_wconf 88' lang='lat' dir='ltr'>se</span> <span class='ocrx_word' id='word_1_89' title='bbox 538 2318 655 2382; x_wconf 88' lang='lat' dir='ltr'>recolat</span> <span class='ocrx_word' id='word_1_90' title='bbox 670 2318 807 2382; x_wconf 87' lang='lat' dir='ltr'>habere:</span> <span class='ocrx_word' id='word_1_91' title='bbox 832 2318 889 2403; x_wconf 87' lang='lat' dir='ltr'>qui</span> <span class='ocrx_word' id='word_1_92' title='bbox 901 2319 1034 2382; x_wconf 89' lang='lat' dir='ltr'>verbum</span> <span class='ocrx_word' id='word_1_93' title='bbox 1051 2320 1113 2383; x_wconf 91' lang='lat' dir='ltr'>Dei</span> <span class='ocrx_word' id='word_1_94' title='bbox 1125 2320 1235 2406; x_wconf 92' lang='lat' dir='ltr'>loqua-</span> 
     </span>
     <span class='ocr_line' id='line_1_15' title="bbox 280 2418 1234 2507; baseline 0.001 -21"><span class='ocrx_word' id='word_1_95' title='bbox 280 2432 422 2486; x_wconf 87' lang='lat' dir='ltr'>turcum</span> <span class='ocrx_word' id='word_1_96' title='bbox 438 2419 573 2483; x_wconf 90' lang='lat' dir='ltr'>fiducia:</span> <span class='ocrx_word' id='word_1_97' title='bbox 605 2419 661 2504; x_wconf 91' lang='lat' dir='ltr'>qui</span> <span class='ocrx_word' id='word_1_98' title='bbox 677 2418 803 2503; x_wconf 90' lang='lat' dir='ltr'>publice</span> <span class='ocrx_word' id='word_1_99' title='bbox 825 2420 993 2505; x_wconf 89' lang='lat' dir='ltr'>protestari</span> <span class='ocrx_word' id='word_1_100' title='bbox 1007 2420 1124 2487; x_wconf 87' lang='lat' dir='ltr'>audeat</span> <span class='ocrx_word' id='word_1_101' title='bbox 1146 2423 1234 2507; x_wconf 89' lang='lat' dir='ltr'>quod</span> 
     </span>
     <span class='ocr_line' id='line_1_16' title="bbox 281 2521 1235 2608; baseline 0.002 -22"><span class='ocrx_word' id='word_1_102' title='bbox 281 2524 352 2587; x_wconf 88' lang='lat' dir='ltr'>Deo</span> <span class='ocrx_word' id='word_1_103' title='bbox 367 2521 475 2607; x_wconf 90' lang='lat' dir='ltr'>potius</span> <span class='ocrx_word' id='word_1_104' title='bbox 489 2533 616 2608; x_wconf 85' lang='lat' dir='ltr'>oportet</span> <span class='ocrx_word' id='word_1_105' title='bbox 631 2543 727 2607; x_wconf 88' lang='lat' dir='ltr'>quam</span> <span class='ocrx_word' id='word_1_106' title='bbox 750 2521 931 2586; x_wconf 90' lang='lat' dir='ltr'>bominibus</span> <span class='ocrx_word' id='word_1_107' title='bbox 945 2522 1084 2588; x_wconf 89' lang='lat' dir='ltr'>obedire.</span> <span class='ocrx_word' id='word_1_108' title='bbox 1129 2525 1235 2588; x_wconf 88' lang='lat' dir='ltr'>Miror</span> 
     </span>
     <span class='ocr_line' id='line_1_17' title="bbox 283 2623 1235 2708; baseline 0.003 -22"><span class='ocrx_word' id='word_1_109' title='bbox 283 2624 320 2704; x_wconf 71' lang='lat' dir='ltr'>lsi</span> <span class='ocrx_word' id='word_1_110' title='bbox 343 2634 448 2687; x_wconf 91' lang='lat' dir='ltr'>tamen</span> <span class='ocrx_word' id='word_1_111' title='bbox 471 2644 546 2686; x_wconf 90' lang='lat' dir='ltr'>vera</span> <span class='ocrx_word' id='word_1_112' title='bbox 568 2634 643 2686; x_wconf 90' lang='lat' dir='ltr'>sunt</span> <span class='ocrx_word' id='word_1_113' title='bbox 665 2644 739 2708; x_wconf 86' lang='lat' dir='ltr'>quae</span> <span class='ocrx_word' id='word_1_114' title='bbox 762 2623 927 2706; x_wconf 76' lang='lat' dir='ltr'>dicuntur)</span> <span class='ocrx_word' id='word_1_115' title='bbox 951 2638 983 2689; x_wconf 91' lang='lat' dir='ltr'>et</span> <span class='ocrx_word' id='word_1_116' title='bbox 1006 2626 1127 2690; x_wconf 91' lang='lat' dir='ltr'>utinam</span> <span class='ocrx_word' id='word_1_117' title='bbox 1154 2625 1235 2689; x_wconf 86' lang='lat' dir='ltr'>falsa</span> 
     </span>
     <span class='ocr_line' id='line_1_18' title="bbox 280 2723 1235 2813; baseline 0.002 -24"><span class='ocrx_word' id='word_1_118' title='bbox 280 2737 480 2813; x_wconf 82' lang='lat' dir='ltr'>apparerent,</span> <span class='ocrx_word' id='word_1_119' title='bbox 508 2723 598 2809; x_wconf 93' lang='lat' dir='ltr'>quod</span> <span class='ocrx_word' id='word_1_120' title='bbox 625 2723 668 2787; x_wconf 90' lang='lat' dir='ltr'>sic</span> <span class='ocrx_word' id='word_1_121' title='bbox 696 2736 762 2790; x_wconf 92' lang='lat' dir='ltr'>tam</span> <span class='ocrx_word' id='word_1_122' title='bbox 789 2727 854 2789; x_wconf 90' lang='lat' dir='ltr'>cito</span> <span class='ocrx_word' id='word_1_123' title='bbox 885 2725 1109 2791; x_wconf 83' lang='lat' dir='ltr'>transferimini</span> <span class='ocrx_word' id='word_1_124' title='bbox 1136 2751 1155 2791; x_wconf 88' lang='lat' dir='ltr'>a</span> <span class='ocrx_word' id='word_1_125' title='bbox 1183 2727 1235 2791; x_wconf 85' lang='lat' dir='ltr'>via</span> 
     </span>
     <span class='ocr_line' id='line_1_19' title="bbox 281 2825 1234 2913; baseline 0.004 -22"><span class='ocrx_word' id='word_1_126' title='bbox 281 2827 410 2891; x_wconf 88' lang='lat' dir='ltr'>Domini</span> <span class='ocrx_word' id='word_1_127' title='bbox 427 2826 459 2890; x_wconf 88' lang='lat' dir='ltr'>in</span> <span class='ocrx_word' id='word_1_128' title='bbox 482 2825 569 2890; x_wconf 88' lang='lat' dir='ltr'>aliud</span> <span class='ocrx_word' id='word_1_129' title='bbox 586 2827 797 2911; x_wconf 85' lang='lat' dir='ltr'>Evangelium</span> <span class='ocrx_word' id='word_1_130' title='bbox 814 2828 902 2913; x_wconf 93' lang='lat' dir='ltr'>quod</span> <span class='ocrx_word' id='word_1_131' title='bbox 918 2828 1056 2892; x_wconf 77' lang='lat' dir='ltr'>ecclesiae</span> <span class='ocrx_word' id='word_1_132' title='bbox 1070 2829 1234 2895; x_wconf 80' lang='lat' dir='ltr'>catholioae</span> 
     </span>
     <span class='ocr_line' id='line_1_20' title="bbox 282 2929 1235 3015; baseline 0.001 -21"><span class='ocrx_word' id='word_1_133' title='bbox 282 2930 440 2995; x_wconf 86' lang='lat' dir='ltr'>subvertit</span> <span class='ocrx_word' id='word_1_134' title='bbox 455 2930 688 3007; x_wconf 90' lang='lat' dir='ltr'>auctoritatem,</span> <span class='ocrx_word' id='word_1_135' title='bbox 703 2942 736 2994; x_wconf 89' lang='lat' dir='ltr'>et</span> <span class='ocrx_word' id='word_1_136' title='bbox 758 2929 803 2993; x_wconf 90' lang='lat' dir='ltr'>eis</span> <span class='ocrx_word' id='word_1_137' title='bbox 818 2930 874 3015; x_wconf 89' lang='lat' dir='ltr'>qui</span> <span class='ocrx_word' id='word_1_138' title='bbox 898 2929 1018 2993; x_wconf 91' lang='lat' dir='ltr'>meritis</span> <span class='ocrx_word' id='word_1_139' title='bbox 1031 2929 1235 3015; x_wconf 85' lang='lat' dir='ltr'>exigentibus</span> 
     </span>
     <span class='ocr_line' id='line_1_21' title="bbox 284 3028 1231 3114; baseline 0.003 -19"><span class='ocrx_word' id='word_1_140' title='bbox 284 3031 432 3096; x_wconf 87' lang='lat' dir='ltr'>Sathanae</span> <span class='ocrx_word' id='word_1_141' title='bbox 442 3029 552 3093; x_wconf 88' lang='lat' dir='ltr'>traditi</span> <span class='ocrx_word' id='word_1_142' title='bbox 562 3042 648 3106; x_wconf 87' lang='lat' dir='ltr'>sunt,</span> <span class='ocrx_word' id='word_1_143' title='bbox 658 3028 805 3114; x_wconf 90' lang='lat' dir='ltr'>indulget</span> <span class='ocrx_word' id='word_1_144' title='bbox 816 3031 1231 3099; x_wconf 87' lang='lat' dir='ltr'>communionemfidelium:</span> 
     </span>
     <span class='ocr_line' id='line_1_22' title="bbox 282 3128 1235 3216; baseline 0.002 -21"><span class='ocrx_word' id='word_1_145' title='bbox 282 3132 369 3195; x_wconf 88' lang='lat' dir='ltr'>etad</span> <span class='ocrx_word' id='word_1_146' title='bbox 386 3129 588 3216; x_wconf 87' lang='lat' dir='ltr'>participium</span> <span class='ocrx_word' id='word_1_147' title='bbox 610 3128 783 3213; x_wconf 84' lang='lat' dir='ltr'>voluptatis</span> <span class='ocrx_word' id='word_1_148' title='bbox 805 3142 862 3193; x_wconf 91' lang='lat' dir='ltr'>aut</span> <span class='ocrx_word' id='word_1_149' title='bbox 882 3130 963 3194; x_wconf 90' lang='lat' dir='ltr'>lucri</span> <span class='ocrx_word' id='word_1_150' title='bbox 985 3154 1057 3195; x_wconf 89' lang='lat' dir='ltr'>oum</span> <span class='ocrx_word' id='word_1_151' title='bbox 1075 3133 1235 3216; x_wconf 88' lang='lat' dir='ltr'>praedoni-</span> 
     </span>
     <span class='ocr_line' id='line_1_23' title="bbox 282 3229 1236 3322; baseline 0.003 -26"><span class='ocrx_word' id='word_1_152' title='bbox 282 3232 354 3310; x_wconf 85' lang='lat' dir='ltr'>bus,</span> <span class='ocrx_word' id='word_1_153' title='bbox 364 3231 501 3309; x_wconf 88' lang='lat' dir='ltr'>furibus,</span> <span class='ocrx_word' id='word_1_154' title='bbox 511 3229 758 3294; x_wconf 88' lang='lat' dir='ltr'>fornicatoribus</span> <span class='ocrx_word' id='word_1_155' title='bbox 774 3241 807 3293; x_wconf 93' lang='lat' dir='ltr'>et</span> <span class='ocrx_word' id='word_1_156' title='bbox 818 3230 995 3297; x_wconf 88' lang='lat' dir='ltr'>simoniacis</span> <span class='ocrx_word' id='word_1_157' title='bbox 1009 3234 1103 3299; x_wconf 91' lang='lat' dir='ltr'>docet</span> <span class='ocrx_word' id='word_1_158' title='bbox 1116 3235 1236 3322; x_wconf 80' lang='lat' dir='ltr'>iniqni-</span> 
     </span>
     <span class='ocr_line' id='line_1_24' title="bbox 282 3329 1235 3417; baseline 0.004 -20"><span class='ocrx_word' id='word_1_159' title='bbox 282 3331 358 3398; x_wconf 91' lang='lat' dir='ltr'>tatis</span> <span class='ocrx_word' id='word_1_160' title='bbox 372 3352 490 3417; x_wconf 87' lang='lat' dir='ltr'>ponere</span> <span class='ocrx_word' id='word_1_161' title='bbox 509 3329 698 3416; x_wconf 86' lang='lat' dir='ltr'>portionem.</span> <span class='ocrx_word' id='word_1_162' title='bbox 736 3329 831 3407; x_wconf 83' lang='lat' dir='ltr'>Quod</span> <span class='ocrx_word' id='word_1_163' title='bbox 851 3332 982 3417; x_wconf 89' lang='lat' dir='ltr'>quidem</span> <span class='ocrx_word' id='word_1_164' title='bbox 997 3335 1073 3399; x_wconf 89' lang='lat' dir='ltr'>inde</span> <span class='ocrx_word' id='word_1_165' title='bbox 1092 3337 1235 3401; x_wconf 91' lang='lat' dir='ltr'>creditur</span> 
     </span>
     <span class='ocr_line' id='line_1_25' title="bbox 281 3430 1236 3523; baseline 0.004 -26"><span class='ocrx_word' id='word_1_166' title='bbox 281 3433 434 3514; x_wconf 86' lang='lat' dir='ltr'>evenisse,</span> <span class='ocrx_word' id='word_1_167' title='bbox 447 3432 534 3519; x_wconf 93' lang='lat' dir='ltr'>quod</span> <span class='ocrx_word' id='word_1_168' title='bbox 559 3443 631 3496; x_wconf 90' lang='lat' dir='ltr'>sunt</span> <span class='ocrx_word' id='word_1_169' title='bbox 653 3430 753 3517; x_wconf 90' lang='lat' dir='ltr'>aliqui</span> <span class='ocrx_word' id='word_1_170' title='bbox 775 3430 807 3495; x_wconf 90' lang='lat' dir='ltr'>in</span> <span class='ocrx_word' id='word_1_171' title='bbox 830 3455 957 3519; x_wconf 89' lang='lat' dir='ltr'>oorpore</span> <span class='ocrx_word' id='word_1_172' title='bbox 979 3448 1086 3501; x_wconf 90' lang='lat' dir='ltr'>vestro</span> <span class='ocrx_word' id='word_1_173' title='bbox 1109 3438 1164 3523; x_wconf 92' lang='lat' dir='ltr'>qui</span> <span class='ocrx_word' id='word_1_174' title='bbox 1180 3460 1236 3501; x_wconf 88' lang='lat' dir='ltr'>vos</span> 
     </span>
     <span class='ocr_line' id='line_1_26' title="bbox 282 3531 1234 3620; baseline 0.001 -21"><span class='ocrx_word' id='word_1_175' title='bbox 282 3535 490 3601; x_wconf 87' lang='lat' dir='ltr'>conturbant:</span> <span class='ocrx_word' id='word_1_176' title='bbox 511 3546 544 3598; x_wconf 89' lang='lat' dir='ltr'>et</span> <span class='ocrx_word' id='word_1_177' title='bbox 552 3533 606 3597; x_wconf 89' lang='lat' dir='ltr'>alii</span> <span class='ocrx_word' id='word_1_178' title='bbox 616 3534 695 3597; x_wconf 87' lang='lat' dir='ltr'>foris</span> <span class='ocrx_word' id='word_1_179' title='bbox 703 3531 759 3620; x_wconf 92' lang='lat' dir='ltr'>qui</span> <span class='ocrx_word' id='word_1_180' title='bbox 772 3535 954 3600; x_wconf 87' lang='lat' dir='ltr'>caecaducti</span> <span class='ocrx_word' id='word_1_181' title='bbox 963 3536 1145 3617; x_wconf 88' lang='lat' dir='ltr'>ambitione,</span> <span class='ocrx_word' id='word_1_182' title='bbox 1156 3539 1234 3600; x_wconf 91' lang='lat' dir='ltr'>dum</span> 
     </span>
     <span class='ocr_line' id='line_1_27' title="bbox 282 3634 1238 3723; baseline 0.003 -22"><span class='ocrx_word' id='word_1_183' title='bbox 282 3637 374 3701; x_wconf 89' lang='lat' dir='ltr'>vobis</span> <span class='ocrx_word' id='word_1_184' title='bbox 395 3648 554 3723; x_wconf 87' lang='lat' dir='ltr'>appetunt</span> <span class='ocrx_word' id='word_1_185' title='bbox 573 3634 742 3711; x_wconf 87' lang='lat' dir='ltr'>dominari,</span> <span class='ocrx_word' id='word_1_186' title='bbox 769 3635 896 3699; x_wconf 89' lang='lat' dir='ltr'>blandis</span> <span class='ocrx_word' id='word_1_187' title='bbox 925 3636 1191 3721; x_wconf 85' lang='lat' dir='ltr'>promissionibus</span> <span class='ocrx_word' id='word_1_188' title='bbox 1216 3663 1238 3703; x_wconf 87' lang='lat' dir='ltr'>a</span> 
     </span>
     <span class='ocr_line' id='line_1_28' title="bbox 280 3736 1236 3822; baseline 0.003 -20"><span class='ocrx_word' id='word_1_189' title='bbox 280 3739 501 3803; x_wconf 87' lang='lat' dir='ltr'>conformitate</span> <span class='ocrx_word' id='word_1_190' title='bbox 515 3736 635 3809; x_wconf 89' lang='lat' dir='ltr'>ordinis</span> <span class='ocrx_word' id='word_1_191' title='bbox 650 3737 745 3801; x_wconf 89' lang='lat' dir='ltr'>vestri</span> <span class='ocrx_word' id='word_1_192' title='bbox 768 3751 801 3801; x_wconf 91' lang='lat' dir='ltr'>et</span> <span class='ocrx_word' id='word_1_193' title='bbox 815 3736 983 3822; x_wconf 88' lang='lat' dir='ltr'>exquisitis</span> <span class='ocrx_word' id='word_1_194' title='bbox 1005 3736 1086 3803; x_wconf 91' lang='lat' dir='ltr'>dolis</span> <span class='ocrx_word' id='word_1_195' title='bbox 1100 3739 1236 3807; x_wconf 90' lang='lat' dir='ltr'>circum-</span> 
     </span>
     <span class='ocr_line' id='line_1_29' title="bbox 281 3836 1237 3907; baseline 0.004 -4"><span class='ocrx_word' id='word_1_196' title='bbox 281 3840 413 3903; x_wconf 91' lang='lat' dir='ltr'>veniunt</span> <span class='ocrx_word' id='word_1_197' title='bbox 428 3837 639 3903; x_wconf 89' lang='lat' dir='ltr'>innocentiam</span> <span class='ocrx_word' id='word_1_198' title='bbox 661 3848 808 3902; x_wconf 87' lang='lat' dir='ltr'>vestram.</span> <span class='ocrx_word' id='word_1_199' title='bbox 855 3836 916 3900; x_wconf 89' lang='lat' dir='ltr'>Sed</span> <span class='ocrx_word' id='word_1_200' title='bbox 932 3837 958 3901; x_wconf 91' lang='lat' dir='ltr'>si</span> <span class='ocrx_word' id='word_1_201' title='bbox 980 3842 1135 3907; x_wconf 89' lang='lat' dir='ltr'>nonestis</span> <span class='ocrx_word' id='word_1_202' title='bbox 1156 3841 1237 3907; x_wconf 90' lang='lat' dir='ltr'>adeo</span> 
     </span>
     <span class='ocr_line' id='line_1_30' title="bbox 284 3938 1237 4027; baseline 0.004 -23"><span class='ocrx_word' id='word_1_203' title='bbox 284 3940 397 4005; x_wconf 88' lang='lat' dir='ltr'>mentis</span> <span class='ocrx_word' id='word_1_204' title='bbox 412 3940 552 4027; x_wconf 86' lang='lat' dir='ltr'>stupidae</span> <span class='ocrx_word' id='word_1_205' title='bbox 567 3952 605 4003; x_wconf 94' lang='lat' dir='ltr'>ut</span> <span class='ocrx_word' id='word_1_206' title='bbox 620 3938 802 4004; x_wconf 91' lang='lat' dir='ltr'>brutissima</span> <span class='ocrx_word' id='word_1_207' title='bbox 817 3940 965 4004; x_wconf 88' lang='lat' dir='ltr'>animalia</span> <span class='ocrx_word' id='word_1_208' title='bbox 980 3942 1154 4007; x_wconf 88' lang='lat' dir='ltr'>stoliditate</span> <span class='ocrx_word' id='word_1_209' title='bbox 1168 3945 1237 4008; x_wconf 86' lang='lat' dir='ltr'>vin-</span> 
     </span>
     <span class='ocr_line' id='line_1_31' title="bbox 283 4030 1237 4130; baseline 0.004 -25"><span class='ocrx_word' id='word_1_210' title='bbox 283 4045 372 4119; x_wconf 88' lang='lat' dir='ltr'>catis,</span> <span class='ocrx_word' id='word_1_211' title='bbox 387 4041 457 4107; x_wconf 88' lang='lat' dir='ltr'>luce</span> <span class='ocrx_word' id='word_1_212' title='bbox 471 4043 588 4106; x_wconf 86' lang='lat' dir='ltr'>clarius</span> <span class='ocrx_word' id='word_1_213' title='bbox 603 4043 737 4127; x_wconf 89' lang='lat' dir='ltr'>potestis</span> <span class='ocrx_word' id='word_1_214' title='bbox 758 4041 877 4106; x_wconf 89' lang='lat' dir='ltr'>intueri</span> <span class='ocrx_word' id='word_1_215' title='bbox 892 4040 924 4105; x_wconf 94' lang='lat' dir='ltr'>in</span> <span class='ocrx_word' id='word_1_216' title='bbox 940 4066 1035 4130; x_wconf 89' lang='lat' dir='ltr'>quem</span> <span class='ocrx_word' id='word_1_217' title='bbox 1057 4045 1151 4107; x_wconf 90' lang='lat' dir='ltr'>finem</span> <span class='ocrx_word' id='word_1_218' title='bbox 1167 4030 1237 4109; x_wconf 74' lang='grc' dir='ltr'><strong>111οᾸ</strong></span> 
     </span>
     <span class='ocr_line' id='line_1_32' title="bbox 282 4143 1238 4229; baseline 0.006 -22"><span class='ocrx_word' id='word_1_219' title='bbox 282 4165 354 4207; x_wconf 87' lang='lat' dir='ltr'>rum</span> <span class='ocrx_word' id='word_1_220' title='bbox 375 4143 537 4209; x_wconf 87' lang='lat' dir='ltr'>molimina</span> <span class='ocrx_word' id='word_1_221' title='bbox 556 4143 746 4229; x_wconf 87' lang='lat' dir='ltr'>dirigantur.</span> <span class='ocrx_word' id='word_1_222' title='bbox 792 4145 877 4208; x_wconf 88' lang='lat' dir='ltr'>Ecce</span> <span class='ocrx_word' id='word_1_223' title='bbox 899 4145 981 4208; x_wconf 89' lang='lat' dir='ltr'>enim</span> <span class='ocrx_word' id='word_1_224' title='bbox 1006 4145 1238 4213; x_wconf 89' lang='lat' dir='ltr'>Londoniensis</span> 
     </span>
     <span class='ocr_line' id='line_1_33' title="bbox 282 4243 1238 4332; baseline 0.008 -24"><span class='ocrx_word' id='word_1_225' title='bbox 282 4243 450 4331; x_wconf 89' lang='lat' dir='ltr'>episcopus</span> <span class='ocrx_word' id='word_1_226' title='bbox 461 4245 590 4331; x_wconf 89' lang='lat' dir='ltr'>publice</span> <span class='ocrx_word' id='word_1_227' title='bbox 605 4269 668 4309; x_wconf 91' lang='lat' dir='ltr'>non</span> <span class='ocrx_word' id='word_1_228' title='bbox 683 4245 749 4310; x_wconf 90' lang='lat' dir='ltr'>sine</span> <span class='ocrx_word' id='word_1_229' title='bbox 765 4244 874 4309; x_wconf 90' lang='lat' dir='ltr'>dolore</span> <span class='ocrx_word' id='word_1_230' title='bbox 885 4246 1027 4311; x_wconf 90' lang='lat' dir='ltr'>fidelium</span> <span class='ocrx_word' id='word_1_231' title='bbox 1043 4259 1238 4332; x_wconf 89' lang='lat' dir='ltr'>protestatus</span> 
     </span>
     <span class='ocr_line' id='line_1_34' title="bbox 282 4344 1235 4431; baseline 0.008 -23"><span class='ocrx_word' id='word_1_232' title='bbox 282 4358 341 4423; x_wconf 89' lang='lat' dir='ltr'>est,</span> <span class='ocrx_word' id='word_1_233' title='bbox 358 4344 442 4431; x_wconf 93' lang='lat' dir='ltr'>quod</span> <span class='ocrx_word' id='word_1_234' title='bbox 459 4349 572 4430; x_wconf 78' lang='lat' dir='ltr'>primae</span> <span class='ocrx_word' id='word_1_235' title='bbox 585 4346 822 4412; x_wconf 88' lang='lat' dir='ltr'>Britanniarum</span> <span class='ocrx_word' id='word_1_236' title='bbox 837 4346 915 4430; x_wconf 85' lang='lat' dir='ltr'>sedi,</span> <span class='ocrx_word' id='word_1_237' title='bbox 925 4347 1071 4414; x_wconf 86' lang='lat' dir='ltr'>videlicet</span> <span class='ocrx_word' id='word_1_238' title='bbox 1082 4352 1235 4417; x_wconf 82' lang='lat' dir='ltr'>Cantuar.</span> 
     </span>
    </p>

    <p class='ocr_par' dir='ltr' id='par_1_5' title="bbox 736 4456 1048 4512">
     <span class='ocr_line' id='line_1_35' title="bbox 736 4456 1048 4512; baseline 0.003 0"><span class='ocrx_word' id='word_1_239' title='bbox 736 4456 792 4512; x_wconf 64' lang='grc' dir='ltr'>ΡΞ</span> <span class='ocrx_word' id='word_1_240' title='bbox 1046 4458 1048 4462; x_wconf 86' lang='grc'><strong>’</strong></span> 
     </span>
    </p>
   </div>
   <div class='ocr_carea' id='block_1_5' title="bbox 0 0 1530 5200">
    <p class='ocr_par' dir='ltr' id='par_1_6' title="bbox 0 0 1530 5200">
     <span class='ocr_line' id='line_1_36' title="bbox 0 0 1530 5200; baseline 0 0"><span class='ocrx_word' id='word_1_241' title='bbox 0 0 1530 5200; x_wconf 95' lang='lat' dir='ltr'> </span> 
     </span>
    </p>
   </div>
  </div>
 </body>
</html>
