<?xml version="1.0" encoding="UTF-8"?>
<!DOCTYPE html PUBLIC "-//W3C//DTD XHTML 1.0 Transitional//EN"
    "http://www.w3.org/TR/xhtml1/DTD/xhtml1-transitional.dtd">
<html xmlns="http://www.w3.org/1999/xhtml" xml:lang="en" lang="en">
 <head>
  <title>
</title>
<meta http-equiv="Content-Type" content="text/html;charset=utf-8" />
  <meta name='ocr-system' content='tesseract 3.04.00' />
  <meta name='ocr-capabilities' content='ocr_page ocr_carea ocr_par ocr_line ocrx_word'/>
</head>
<body>
  <div class='ocr_page' id='page_1' title='image "./joannissaresber11johngoog_0074.png"; bbox 0 0 3034 5200; ppageno 0'>
   <div class='ocr_carea' id='block_1_1' title="bbox 281 719 1232 798">
    <p class='ocr_par' dir='ltr' id='par_1_1' title="bbox 281 719 1232 798">
     <span class='ocr_line' id='line_1_1' title="bbox 281 719 1232 798; baseline -0.002 -16"><span class='ocrx_word' id='word_1_1' title='bbox 281 719 389 798; x_wconf 85' lang='grc'><strong>1167.]</strong></span> <span class='ocrx_word' id='word_1_2' title='bbox 636 774 638 778; x_wconf 22' lang='lat'><em>⁴</em></span> <span class='ocrx_word' id='word_1_3' title='bbox 664 735 844 781; x_wconf 77' lang='lat' dir='ltr'><strong>nnrsronn.</strong></span> <span class='ocrx_word' id='word_1_4' title='bbox 1191 725 1232 781; x_wconf 77' lang='lat'><strong>57</strong></span> 
     </span>
    </p>
   </div>
   <div class='ocr_carea' id='block_1_2' title="bbox 278 1012 1228 1192">
    <p class='ocr_par' dir='ltr' id='par_1_2' title="bbox 278 1012 1228 1192">
     <span class='ocr_line' id='line_1_2' title="bbox 278 1012 1228 1077; baseline -0.006 -2"><span class='ocrx_word' id='word_1_5' title='bbox 278 1012 498 1077; x_wconf 84' lang='lat' dir='ltr'><strong>EPISTOLA</strong></span> <span class='ocrx_word' id='word_1_6' title='bbox 518 1012 767 1077; x_wconf 70' lang='lat' dir='ltr'><strong>cextra-ro</strong></span> <span class='ocrx_word' id='word_1_7' title='bbox 779 1025 1028 1072; x_wconf 73' lang='lat' dir='ltr'><strong>uro.s1rronnn</strong></span> <span class='ocrx_word' id='word_1_8' title='bbox 1042 1024 1228 1070; x_wconf 75' lang='lat' dir='ltr'><strong>tarracon.</strong></span> 
     </span>
     <span class='ocr_line' id='line_1_3' title="bbox 641 1110 859 1192; baseline -0.009 -18"><span class='ocrx_word' id='word_1_9' title='bbox 641 1112 686 1192; x_wconf 79' lang='lat' dir='ltr'><strong>[A.</strong></span> <span class='ocrx_word' id='word_1_10' title='bbox 699 1131 730 1174; x_wconf 91' lang='lat' dir='ltr'><strong>n.</strong></span> <span class='ocrx_word' id='word_1_11' title='bbox 750 1110 859 1190; x_wconf 89' lang='grc'><strong>1167.]</strong></span> 
     </span>
    </p>
   </div>
   <div class='ocr_carea' id='block_1_3' title="bbox 392 1270 1116 1352">
    <p class='ocr_par' dir='ltr' id='par_1_3' title="bbox 392 1270 1116 1352">
     <span class='ocr_line' id='line_1_4' title="bbox 392 1270 1116 1352; baseline -0.006 -16"><span class='ocrx_word' id='word_1_12' title='bbox 392 1275 489 1337; x_wconf 83' lang='lat' dir='ltr'><strong>Joart.</strong></span> <span class='ocrx_word' id='word_1_13' title='bbox 507 1270 632 1336; x_wconf 78' lang='lat' dir='ltr'><strong>Sorech.</strong></span> <span class='ocrx_word' id='word_1_14' title='bbox 648 1271 812 1352; x_wconf 65' lang='lat' dir='ltr'><strong>Manistro</strong></span> <span class='ocrx_word' id='word_1_15' title='bbox 828 1270 957 1333; x_wconf 77' lang='lat' dir='ltr'><strong><em>Simoni</em></strong></span> <span class='ocrx_word' id='word_1_16' title='bbox 975 1270 1116 1351; x_wconf 72' lang='lat' dir='ltr'><strong>[arpello.</strong></span> 
     </span>
    </p>
   </div>
   <div class='ocr_carea' id='block_1_4' title="bbox 279 1403 1314 4405">
    <p class='ocr_par' dir='ltr' id='par_1_4' title="bbox 279 1403 1314 4405">
     <span class='ocr_line' id='line_1_5' title="bbox 323 1403 1233 1486; baseline -0.003 -16"><span class='ocrx_word' id='word_1_17' title='bbox 323 1408 463 1470; x_wconf 74' lang='lat' dir='ltr'><strong>Sancrns</strong></span> <span class='ocrx_word' id='word_1_18' title='bbox 477 1415 526 1469; x_wconf 90' lang='lat' dir='ltr'><strong>est</strong></span> <span class='ocrx_word' id='word_1_19' title='bbox 540 1405 744 1470; x_wconf 79' lang='lat' dir='ltr'><strong>conscientiae</strong></span> <span class='ocrx_word' id='word_1_20' title='bbox 757 1403 931 1467; x_wconf 88' lang='lat' dir='ltr'><strong>diffidentis</strong></span> <span class='ocrx_word' id='word_1_21' title='bbox 943 1403 1029 1486; x_wconf 91' lang='lat' dir='ltr'><strong>apud</strong></span> <span class='ocrx_word' id='word_1_22' title='bbox 1044 1404 1183 1468; x_wconf 92' lang='lat' dir='ltr'><strong>amicum</strong></span> <span class='ocrx_word' id='word_1_23' title='bbox 1197 1405 1233 1467; x_wconf 92' lang='lat' dir='ltr'><strong>in</strong></span> 
     </span>
     <span class='ocr_line' id='line_1_6' title="bbox 282 1506 1234 1588; baseline -0.002 -18"><span class='ocrx_word' id='word_1_24' title='bbox 282 1509 415 1571; x_wconf 87' lang='lat' dir='ltr'><strong>articulo</strong></span> <span class='ocrx_word' id='word_1_25' title='bbox 430 1507 630 1570; x_wconf 84' lang='lat' dir='ltr'><strong>necessitatis</strong></span> <span class='ocrx_word' id='word_1_26' title='bbox 643 1506 858 1569; x_wconf 82' lang='lat' dir='ltr'>insinuatione</span> <span class='ocrx_word' id='word_1_27' title='bbox 875 1507 1043 1568; x_wconf 86' lang='lat' dir='ltr'><strong>verborum</strong></span> <span class='ocrx_word' id='word_1_28' title='bbox 1057 1526 1171 1588; x_wconf 82' lang='lat' dir='ltr'><strong>preces</strong></span> <span class='ocrx_word' id='word_1_29' title='bbox 1184 1506 1234 1568; x_wconf 93' lang='lat' dir='ltr'><strong>in·</strong></span> 
     </span>
     <span class='ocr_line' id='line_1_7' title="bbox 283 1606 1234 1689; baseline 0 -20"><span class='ocrx_word' id='word_1_30' title='bbox 283 1610 420 1684; x_wconf 85' lang='lat' dir='ltr'><strong>volvere,</strong></span> <span class='ocrx_word' id='word_1_31' title='bbox 435 1619 466 1671; x_wconf 89' lang='lat' dir='ltr'><strong>et</strong></span> <span class='ocrx_word' id='word_1_32' title='bbox 481 1608 619 1670; x_wconf 89' lang='lat' dir='ltr'><strong>officium</strong></span> <span class='ocrx_word' id='word_1_33' title='bbox 642 1606 844 1689; x_wconf 78' lang='lat' dir='ltr'><strong>deprecantis</strong></span> <span class='ocrx_word' id='word_1_34' title='bbox 865 1606 1019 1689; x_wconf 85' lang='lat' dir='ltr'><strong>expedire</strong></span> <span class='ocrx_word' id='word_1_35' title='bbox 1041 1606 1148 1688; x_wconf 91' lang='lat' dir='ltr'><strong>potius</strong></span> <span class='ocrx_word' id='word_1_36' title='bbox 1169 1617 1234 1669; x_wconf 83' lang='lat' dir='ltr'><strong>arte</strong></span> 
     </span>
     <span class='ocr_line' id='line_1_8' title="bbox 283 1704 1234 1792; baseline -0.002 -22"><span class='ocrx_word' id='word_1_37' title='bbox 283 1729 378 1792; x_wconf 90' lang='lat' dir='ltr'><strong>quam</strong></span> <span class='ocrx_word' id='word_1_38' title='bbox 401 1706 475 1770; x_wconf 87' lang='lat' dir='ltr'><strong>fide.</strong></span> <span class='ocrx_word' id='word_1_39' title='bbox 520 1708 572 1770; x_wconf 92' lang='lat' dir='ltr'><strong>De</strong></span> <span class='ocrx_word' id='word_1_40' title='bbox 594 1717 650 1771; x_wconf 90' lang='lat' dir='ltr'><strong>tua</strong></span> <span class='ocrx_word' id='word_1_41' title='bbox 671 1728 745 1789; x_wconf 80' lang='lat' dir='ltr'><strong>ergo</strong></span> <span class='ocrx_word' id='word_1_42' title='bbox 768 1706 954 1783; x_wconf 89' lang='lat' dir='ltr'><strong>dilectione,</strong></span> <span class='ocrx_word' id='word_1_43' title='bbox 977 1704 1195 1782; x_wconf 84' lang='lat' dir='ltr'><strong>dilectissime,</strong></span> <span class='ocrx_word' id='word_1_44' title='bbox 1210 1725 1234 1768; x_wconf 84' lang='lat' dir='ltr'><strong>a</strong></span> 
     </span>
     <span class='ocr_line' id='line_1_9' title="bbox 283 1804 1234 1891; baseline -0.002 -21"><span class='ocrx_word' id='word_1_45' title='bbox 283 1809 391 1871; x_wconf 89' lang='lat' dir='ltr'><strong>multis</strong></span> <span class='ocrx_word' id='word_1_46' title='bbox 413 1807 526 1871; x_wconf 92' lang='lat' dir='ltr'><strong>diebus</strong></span> <span class='ocrx_word' id='word_1_47' title='bbox 552 1818 711 1891; x_wconf 88' lang='lat' dir='ltr'><strong>concepta</strong></span> <span class='ocrx_word' id='word_1_48' title='bbox 731 1807 853 1871; x_wconf 87' lang='lat' dir='ltr'><strong>fiducia</strong></span> <span class='ocrx_word' id='word_1_49' title='bbox 878 1808 1018 1870; x_wconf 86' lang='lat' dir='ltr'><strong>ulteriori</strong></span> <span class='ocrx_word' id='word_1_50' title='bbox 1041 1804 1234 1870; x_wconf 85' lang='lat' dir='ltr'><strong>fiducialiter</strong></span> 
     </span>
     <span class='ocr_line' id='line_1_10' title="bbox 282 1907 1233 1990; baseline -0.004 -17"><span class='ocrx_word' id='word_1_51' title='bbox 282 1932 390 1990; x_wconf 86' lang='lat' dir='ltr'><strong>agens,</strong></span> <span class='ocrx_word' id='word_1_52' title='bbox 411 1911 525 1973; x_wconf 87' lang='lat' dir='ltr'><strong>amotis</strong></span> <span class='ocrx_word' id='word_1_53' title='bbox 548 1911 689 1973; x_wconf 93' lang='lat' dir='ltr'><strong>omnium</strong></span> <span class='ocrx_word' id='word_1_54' title='bbox 705 1911 1026 1973; x_wconf 88' lang='lat' dir='ltr'><strong>circumlocutionum</strong></span> <span class='ocrx_word' id='word_1_55' title='bbox 1049 1907 1233 1986; x_wconf 87' lang='lat' dir='ltr'><strong>involucris,</strong></span> 
     </span>
     <span class='ocr_line' id='line_1_11' title="bbox 283 2007 1234 2096; baseline -0.003 -23"><span class='ocrx_word' id='word_1_56' title='bbox 283 2033 395 2094; x_wconf 88' lang='lat' dir='ltr'><strong>precor</strong></span> <span class='ocrx_word' id='word_1_57' title='bbox 416 2012 569 2075; x_wconf 87' lang='lat' dir='ltr'><strong>attentius</strong></span> <span class='ocrx_word' id='word_1_58' title='bbox 592 2012 742 2096; x_wconf 82' lang='lat' dir='ltr'><strong>quatinus</strong></span> <span class='ocrx_word' id='word_1_59' title='bbox 764 2013 896 2074; x_wconf 87' lang='lat' dir='ltr'><strong>latorem</strong></span> <span class='ocrx_word' id='word_1_60' title='bbox 918 2010 1122 2091; x_wconf 87' lang='lat' dir='ltr'><strong>praesentium</strong></span> <span class='ocrx_word' id='word_1_61' title='bbox 1145 2007 1234 2091; x_wconf 89' lang='lat' dir='ltr'><strong>apud</strong></span> 
     </span>
     <span class='ocr_line' id='line_1_12' title="bbox 283 2109 1234 2195; baseline -0.003 -21"><span class='ocrx_word' id='word_1_62' title='bbox 283 2112 443 2176; x_wconf 92' lang='lat' dir='ltr'><strong>dominum</strong></span> <span class='ocrx_word' id='word_1_63' title='bbox 459 2113 718 2195; x_wconf 80' lang='lat' dir='ltr'><strong>Wigornensem,</strong></span> <span class='ocrx_word' id='word_1_64' title='bbox 734 2124 766 2176; x_wconf 87' lang='lat' dir='ltr'><strong>et</strong></span> <span class='ocrx_word' id='word_1_65' title='bbox 787 2113 845 2176; x_wconf 91' lang='lat' dir='ltr'><strong>ubi</strong></span> <span class='ocrx_word' id='word_1_66' title='bbox 865 2112 1019 2194; x_wconf 88' lang='lat' dir='ltr'><strong>expedire</strong></span> <span class='ocrx_word' id='word_1_67' title='bbox 1036 2109 1234 2192; x_wconf 80' lang='lat' dir='ltr'><strong>cognoveris,</strong></span> 
     </span>
     <span class='ocr_line' id='line_1_13' title="bbox 283 2211 1233 2297; baseline -0.004 -21"><span class='ocrx_word' id='word_1_68' title='bbox 283 2214 327 2276; x_wconf 89' lang='lat' dir='ltr'><strong>sic</strong></span> <span class='ocrx_word' id='word_1_69' title='bbox 344 2235 532 2297; x_wconf 85' lang='lat' dir='ltr'><strong>promoveas</strong></span> <span class='ocrx_word' id='word_1_70' title='bbox 547 2225 583 2278; x_wconf 92' lang='lat' dir='ltr'><strong>ut</strong></span> <span class='ocrx_word' id='word_1_71' title='bbox 597 2236 648 2278; x_wconf 91' lang='lat' dir='ltr'><strong>me</strong></span> <span class='ocrx_word' id='word_1_72' title='bbox 668 2215 785 2296; x_wconf 87' lang='lat' dir='ltr'><strong>ipsum.</strong></span> <span class='ocrx_word' id='word_1_73' title='bbox 830 2214 915 2276; x_wconf 91' lang='lat' dir='ltr'><strong>Nam</strong></span> <span class='ocrx_word' id='word_1_74' title='bbox 931 2211 1018 2296; x_wconf 92' lang='lat' dir='ltr'><strong>quod</strong></span> <span class='ocrx_word' id='word_1_75' title='bbox 1033 2212 1064 2273; x_wconf 90' lang='lat' dir='ltr'><strong>ei</strong></span> <span class='ocrx_word' id='word_1_76' title='bbox 1078 2211 1140 2273; x_wconf 91' lang='lat' dir='ltr'><strong>mei</strong></span> <span class='ocrx_word' id='word_1_77' title='bbox 1155 2231 1233 2273; x_wconf 89' lang='lat' dir='ltr'><strong>con·</strong></span> 
     </span>
     <span class='ocr_line' id='line_1_14' title="bbox 282 2311 1233 2398; baseline -0.004 -20"><span class='ocrx_word' id='word_1_78' title='bbox 282 2316 487 2398; x_wconf 86' lang='lat' dir='ltr'><strong>templatione</strong></span> <span class='ocrx_word' id='word_1_79' title='bbox 503 2315 683 2378; x_wconf 85' lang='lat' dir='ltr'><strong>exhibitum</strong></span> <span class='ocrx_word' id='word_1_80' title='bbox 699 2335 828 2390; x_wconf 88' lang='lat' dir='ltr'><strong>novero,</strong></span> <span class='ocrx_word' id='word_1_81' title='bbox 841 2311 976 2395; x_wconf 90' lang='lat' dir='ltr'><strong>perinde</strong></span> <span class='ocrx_word' id='word_1_82' title='bbox 991 2312 1180 2394; x_wconf 86' lang='lat' dir='ltr'><strong>acceptabo,</strong></span> <span class='ocrx_word' id='word_1_83' title='bbox 1194 2331 1233 2374; x_wconf 88' lang='lat' dir='ltr'><strong>ao</strong></span> 
     </span>
     <span class='ocr_line' id='line_1_15' title="bbox 282 2411 1235 2495; baseline 0 -19"><span class='ocrx_word' id='word_1_84' title='bbox 282 2415 312 2476; x_wconf 91' lang='lat' dir='ltr'><strong>si</strong></span> <span class='ocrx_word' id='word_1_85' title='bbox 326 2414 405 2478; x_wconf 91' lang='lat' dir='ltr'><strong>mihi</strong></span> <span class='ocrx_word' id='word_1_86' title='bbox 419 2414 626 2495; x_wconf 86' lang='lat' dir='ltr'><strong>personaliter</strong></span> <span class='ocrx_word' id='word_1_87' title='bbox 642 2424 725 2477; x_wconf 90' lang='lat' dir='ltr'><strong>esset</strong></span> <span class='ocrx_word' id='word_1_88' title='bbox 739 2413 929 2476; x_wconf 86' lang='lat' dir='ltr'><strong>exhibitum.</strong></span> <span class='ocrx_word' id='word_1_89' title='bbox 975 2411 1056 2484; x_wconf 87' lang='lat' dir='ltr'><strong>Quis</strong></span> <span class='ocrx_word' id='word_1_90' title='bbox 1071 2420 1177 2474; x_wconf 89' lang='lat' dir='ltr'><strong>autem</strong></span> <span class='ocrx_word' id='word_1_91' title='bbox 1192 2411 1235 2476; x_wconf 86' lang='lat' dir='ltr'><strong>sit</strong></span> 
     </span>
     <span class='ocr_line' id='line_1_16' title="bbox 285 2512 1235 2596; baseline -0.002 -21"><span class='ocrx_word' id='word_1_92' title='bbox 285 2523 385 2575; x_wconf 87' lang='lat' dir='ltr'><strong>status</strong></span> <span class='ocrx_word' id='word_1_93' title='bbox 407 2534 509 2589; x_wconf 91' lang='lat' dir='ltr'><strong>meus,</strong></span> <span class='ocrx_word' id='word_1_94' title='bbox 523 2524 555 2576; x_wconf 89' lang='lat' dir='ltr'><strong>et</strong></span> <span class='ocrx_word' id='word_1_95' title='bbox 576 2513 710 2576; x_wconf 87' lang='lat' dir='ltr'><strong>aliorum</strong></span> <span class='ocrx_word' id='word_1_96' title='bbox 726 2514 781 2596; x_wconf 92' lang='lat' dir='ltr'><strong>qui</strong></span> <span class='ocrx_word' id='word_1_97' title='bbox 802 2514 837 2575; x_wconf 93' lang='lat' dir='ltr'><strong>in</strong></span> <span class='ocrx_word' id='word_1_98' title='bbox 859 2535 962 2595; x_wconf 79' lang='lat' dir='ltr'><strong>agone</strong></span> <span class='ocrx_word' id='word_1_99' title='bbox 983 2512 1143 2576; x_wconf 83' lang='lat' dir='ltr'><strong>Ecclesiae</strong></span> <span class='ocrx_word' id='word_1_100' title='bbox 1157 2531 1235 2574; x_wconf 92' lang='lat' dir='ltr'><strong>con·</strong></span> 
     </span>
     <span class='ocr_line' id='line_1_17' title="bbox 284 2611 1234 2695; baseline -0.001 -20"><span class='ocrx_word' id='word_1_101' title='bbox 284 2613 385 2675; x_wconf 85' lang='lat' dir='ltr'><strong>stituti</strong></span> <span class='ocrx_word' id='word_1_102' title='bbox 400 2623 486 2691; x_wconf 91' lang='lat' dir='ltr'><strong>sunt,</strong></span> <span class='ocrx_word' id='word_1_103' title='bbox 500 2613 527 2675; x_wconf 90' lang='lat' dir='ltr'><strong>si</strong></span> <span class='ocrx_word' id='word_1_104' title='bbox 541 2624 649 2676; x_wconf 91' lang='lat' dir='ltr'><strong>tamen</strong></span> <span class='ocrx_word' id='word_1_105' title='bbox 669 2612 703 2675; x_wconf 92' lang='lat' dir='ltr'><strong>id</strong></span> <span class='ocrx_word' id='word_1_106' title='bbox 720 2611 830 2675; x_wconf 86' lang='lat' dir='ltr'><strong>audire</strong></span> <span class='ocrx_word' id='word_1_107' title='bbox 851 2614 1017 2695; x_wconf 89' lang='lat' dir='ltr'><strong>placuerit,</strong></span> <span class='ocrx_word' id='word_1_108' title='bbox 1033 2613 1234 2695; x_wconf 88' lang='lat' dir='ltr'><strong>aliquatenus</strong></span> 
     </span>
     <span class='ocr_line' id='line_1_18' title="bbox 284 2710 1235 2797; baseline -0.002 -20"><span class='ocrx_word' id='word_1_109' title='bbox 284 2735 323 2777; x_wconf 87' lang='lat' dir='ltr'><strong>eo</strong></span> <span class='ocrx_word' id='word_1_110' title='bbox 346 2716 500 2778; x_wconf 86' lang='lat' dir='ltr'><strong>referente</strong></span> <span class='ocrx_word' id='word_1_111' title='bbox 528 2734 717 2797; x_wconf 84' lang='lat' dir='ltr'><strong>cognosces.</strong></span> <span class='ocrx_word' id='word_1_112' title='bbox 769 2713 869 2795; x_wconf 88' lang='lat' dir='ltr'><strong>Spero</strong></span> <span class='ocrx_word' id='word_1_113' title='bbox 896 2724 1000 2779; x_wconf 88' lang='lat' dir='ltr'><strong>autem</strong></span> <span class='ocrx_word' id='word_1_114' title='bbox 1031 2710 1117 2796; x_wconf 89' lang='lat' dir='ltr'><strong>quod</strong></span> <span class='ocrx_word' id='word_1_115' title='bbox 1143 2721 1175 2774; x_wconf 85' lang='lat' dir='ltr'><strong>at</strong></span> <span class='ocrx_word' id='word_1_116' title='bbox 1199 2722 1235 2775; x_wconf 90' lang='lat' dir='ltr'><strong>tu</strong></span> 
     </span>
     <span class='ocr_line' id='line_1_19' title="bbox 283 2811 1234 2888; baseline -0.001 -14"><span class='ocrx_word' id='word_1_117' title='bbox 283 2811 389 2878; x_wconf 88' lang='lat' dir='ltr'><strong>videre</strong></span> <span class='ocrx_word' id='word_1_118' title='bbox 409 2813 571 2878; x_wconf 86' lang='lat' dir='ltr'><strong>desideres</strong></span> <span class='ocrx_word' id='word_1_119' title='bbox 588 2812 675 2877; x_wconf 91' lang='lat' dir='ltr'><strong>diem</strong></span> <span class='ocrx_word' id='word_1_120' title='bbox 694 2813 838 2888; x_wconf 91' lang='lat' dir='ltr'><strong>Domini,</strong></span> <span class='ocrx_word' id='word_1_121' title='bbox 854 2821 891 2877; x_wconf 91' lang='lat' dir='ltr'><strong>nt</strong></span> <span class='ocrx_word' id='word_1_122' title='bbox 906 2813 1055 2878; x_wconf 87' lang='lat' dir='ltr'><strong>Ecclesia</strong></span> <span class='ocrx_word' id='word_1_123' title='bbox 1069 2812 1234 2875; x_wconf 87' lang='lat' dir='ltr'><strong>convales-</strong></span> 
     </span>
     <span class='ocr_line' id='line_1_20' title="bbox 285 2912 1235 2998; baseline -0.003 -21"><span class='ocrx_word' id='word_1_124' title='bbox 285 2926 344 2977; x_wconf 89' lang='lat' dir='ltr'><strong>cat.</strong></span> <span class='ocrx_word' id='word_1_125' title='bbox 389 2917 460 2978; x_wconf 84' lang='lat' dir='ltr'><strong>Lex</strong></span> <span class='ocrx_word' id='word_1_126' title='bbox 480 2916 544 2979; x_wconf 91' lang='lat' dir='ltr'><strong>Dei</strong></span> <span class='ocrx_word' id='word_1_127' title='bbox 564 2916 597 2978; x_wconf 93' lang='lat' dir='ltr'><strong>in</strong></span> <span class='ocrx_word' id='word_1_128' title='bbox 619 2926 798 2998; x_wconf 85' lang='lat' dir='ltr'><strong>conspectu</strong></span> <span class='ocrx_word' id='word_1_129' title='bbox 818 2915 959 2996; x_wconf 78' lang='lat' dir='ltr'><strong>gentium</strong></span> <span class='ocrx_word' id='word_1_130' title='bbox 976 2925 1009 2980; x_wconf 86' lang='lat' dir='ltr'><strong>et</strong></span> <span class='ocrx_word' id='word_1_131' title='bbox 1023 2912 1235 2977; x_wconf 89' lang='lat' dir='ltr'><strong>invidentium</strong></span> 
     </span>
     <span class='ocr_line' id='line_1_21' title="bbox 284 3012 1235 3096; baseline 0.001 -22"><span class='ocrx_word' id='word_1_132' title='bbox 284 3015 456 3091; x_wconf 89' lang='lat' dir='ltr'><strong>roboretur,</strong></span> <span class='ocrx_word' id='word_1_133' title='bbox 469 3024 503 3075; x_wconf 88' lang='lat' dir='ltr'><strong>et</strong></span> <span class='ocrx_word' id='word_1_134' title='bbox 517 3015 562 3077; x_wconf 92' lang='lat' dir='ltr'><strong>sic</strong></span> <span class='ocrx_word' id='word_1_135' title='bbox 578 3012 745 3096; x_wconf 86' lang='lat' dir='ltr'><strong>splendeat</strong></span> <span class='ocrx_word' id='word_1_136' title='bbox 758 3014 795 3076; x_wconf 92' lang='lat' dir='ltr'><strong>in</strong></span> <span class='ocrx_word' id='word_1_137' title='bbox 809 3014 971 3095; x_wconf 89' lang='lat' dir='ltr'><strong>capitibus</strong></span> <span class='ocrx_word' id='word_1_138' title='bbox 984 3035 1095 3095; x_wconf 83' lang='lat' dir='ltr'><strong>regum</strong></span> <span class='ocrx_word' id='word_1_139' title='bbox 1109 3013 1235 3095; x_wconf 81' lang='lat' dir='ltr'><strong>insigna</strong></span> 
     </span>
     <span class='ocr_line' id='line_1_22' title="bbox 283 3112 1235 3197; baseline 0.003 -23"><span class='ocrx_word' id='word_1_140' title='bbox 283 3112 364 3175; x_wconf 90' lang='lat' dir='ltr'><strong>fidei</strong></span> <span class='ocrx_word' id='word_1_141' title='bbox 378 3125 411 3175; x_wconf 91' lang='lat' dir='ltr'><strong>et</strong></span> <span class='ocrx_word' id='word_1_142' title='bbox 424 3114 564 3194; x_wconf 85' lang='lat' dir='ltr'><strong>publieae</strong></span> <span class='ocrx_word' id='word_1_143' title='bbox 584 3114 763 3197; x_wconf 86' lang='lat' dir='ltr'><strong>potestatis,</strong></span> <span class='ocrx_word' id='word_1_144' title='bbox 776 3123 813 3177; x_wconf 91' lang='lat' dir='ltr'><strong>ut</strong></span> <span class='ocrx_word' id='word_1_145' title='bbox 832 3112 873 3177; x_wconf 89' lang='lat' dir='ltr'><strong>de</strong></span> <span class='ocrx_word' id='word_1_146' title='bbox 894 3126 1010 3179; x_wconf 82' lang='lat' dir='ltr'><strong>caetero</strong></span> <span class='ocrx_word' id='word_1_147' title='bbox 1031 3135 1097 3178; x_wconf 94' lang='lat' dir='ltr'><strong>non</strong></span> <span class='ocrx_word' id='word_1_148' title='bbox 1117 3114 1235 3177; x_wconf 89' lang='lat' dir='ltr'><strong>dentur</strong></span> 
     </span>
     <span class='ocr_line' id='line_1_23' title="bbox 286 3214 1235 3300; baseline 0.004 -25"><span class='ocrx_word' id='word_1_149' title='bbox 286 3234 406 3276; x_wconf 89' lang='lat' dir='ltr'><strong>cornua</strong></span> <span class='ocrx_word' id='word_1_150' title='bbox 426 3214 596 3296; x_wconf 90' lang='lat' dir='ltr'><strong>peccatori.</strong></span> <span class='ocrx_word' id='word_1_151' title='bbox 641 3214 687 3276; x_wconf 90' lang='lat' dir='ltr'><strong>Et</strong></span> <span class='ocrx_word' id='word_1_152' title='bbox 711 3215 775 3278; x_wconf 93' lang='lat' dir='ltr'><strong>hoc</strong></span> <span class='ocrx_word' id='word_1_153' title='bbox 797 3216 928 3300; x_wconf 89' lang='lat' dir='ltr'><strong>quidem</strong></span> <span class='ocrx_word' id='word_1_154' title='bbox 949 3217 1045 3279; x_wconf 85' lang='lat' dir='ltr'><strong>facile</strong></span> <span class='ocrx_word' id='word_1_155' title='bbox 1067 3217 1235 3294; x_wconf 88' lang='lat' dir='ltr'><strong>obtineret,</strong></span> 
     </span>
     <span class='ocr_line' id='line_1_24' title="bbox 286 3314 1235 3398; baseline 0.005 -23"><span class='ocrx_word' id='word_1_156' title='bbox 286 3314 347 3376; x_wconf 90' lang='lat' dir='ltr'><strong>nisi</strong></span> <span class='ocrx_word' id='word_1_157' title='bbox 370 3315 447 3397; x_wconf 88' lang='lat' dir='ltr'><strong>quia</strong></span> <span class='ocrx_word' id='word_1_158' title='bbox 461 3316 489 3377; x_wconf 94' lang='lat' dir='ltr'><strong>si</strong></span> <span class='ocrx_word' id='word_1_159' title='bbox 504 3336 576 3379; x_wconf 89' lang='lat' dir='ltr'><strong>vera</strong></span> <span class='ocrx_word' id='word_1_160' title='bbox 596 3327 669 3379; x_wconf 87' lang='lat' dir='ltr'><strong>sunt</strong></span> <span class='ocrx_word' id='word_1_161' title='bbox 691 3338 763 3398; x_wconf 73' lang='lat' dir='ltr'><strong>quaa</strong></span> <span class='ocrx_word' id='word_1_162' title='bbox 777 3318 873 3397; x_wconf 81' lang='lat' dir='ltr'><strong>vulgo</strong></span> <span class='ocrx_word' id='word_1_163' title='bbox 893 3317 1054 3394; x_wconf 88' lang='lat' dir='ltr'><strong>dicuntur,</strong></span> <span class='ocrx_word' id='word_1_164' title='bbox 1074 3317 1235 3380; x_wconf 84' lang='lat' dir='ltr'><strong>Tenentes</strong></span> 
     </span>
     <span class='ocr_line' id='line_1_25' title="bbox 284 3416 1314 3500; baseline 0.004 -23"><span class='ocrx_word' id='word_1_165' title='bbox 284 3417 399 3497; x_wconf 87' lang='lat' dir='ltr'><strong>legem,</strong></span> <span class='ocrx_word' id='word_1_166' title='bbox 409 3416 565 3499; x_wconf 88' lang='lat' dir='ltr'><strong>justitiam</strong></span> <span class='ocrx_word' id='word_1_167' title='bbox 578 3417 781 3484; x_wconf 87' lang='lat' dir='ltr'><strong>nescierunt:</strong></span> <span class='ocrx_word' id='word_1_168' title='bbox 804 3428 837 3481; x_wconf 92' lang='lat' dir='ltr'><strong>et</strong></span> <span class='ocrx_word' id='word_1_169' title='bbox 851 3439 872 3481; x_wconf 88' lang='lat' dir='ltr'><strong>a</strong></span> <span class='ocrx_word' id='word_1_170' title='bbox 885 3417 1104 3481; x_wconf 89' lang='lat' dir='ltr'><strong>sacerdotibus</strong></span> <span class='ocrx_word' id='word_1_171' title='bbox 1119 3428 1151 3480; x_wconf 93' lang='lat' dir='ltr'><strong>et</strong></span> <span class='ocrx_word' id='word_1_172' title='bbox 1164 3439 1238 3500; x_wconf 74' lang='lat' dir='ltr'><strong>pro</strong></span> <span class='ocrx_word' id='word_1_173' title='bbox 1312 3446 1314 3450; x_wconf 96' lang='lat'>·</span> 
     </span>
     <span class='ocr_line' id='line_1_26' title="bbox 281 3515 1237 3602; baseline 0.002 -25"><span class='ocrx_word' id='word_1_174' title='bbox 281 3515 393 3598; x_wconf 89' lang='lat' dir='ltr'><strong>phetis</strong></span> <span class='ocrx_word' id='word_1_175' title='bbox 408 3517 509 3578; x_wconf 90' lang='lat' dir='ltr'><strong>Israel</strong></span> <span class='ocrx_word' id='word_1_176' title='bbox 521 3538 647 3598; x_wconf 84' lang='lat' dir='ltr'><strong>egressa</strong></span> <span class='ocrx_word' id='word_1_177' title='bbox 655 3528 705 3581; x_wconf 87' lang='lat' dir='ltr'><strong>est</strong></span> <span class='ocrx_word' id='word_1_178' title='bbox 716 3519 854 3600; x_wconf 92' lang='lat' dir='ltr'><strong>pollutio</strong></span> <span class='ocrx_word' id='word_1_179' title='bbox 864 3539 959 3602; x_wconf 91' lang='lat' dir='ltr'><strong>super</strong></span> <span class='ocrx_word' id='word_1_180' title='bbox 973 3538 1100 3580; x_wconf 86' lang='lat' dir='ltr'><strong>omnem</strong></span> <span class='ocrx_word' id='word_1_181' title='bbox 1112 3527 1237 3580; x_wconf 89' lang='lat' dir='ltr'><strong>terram.</strong></span> 
     </span>
     <span class='ocr_line' id='line_1_27' title="bbox 282 3615 1236 3695; baseline 0.001 -17"><span class='ocrx_word' id='word_1_182' title='bbox 282 3615 394 3679; x_wconf 85' lang='lat' dir='ltr'><strong>Aderit</strong></span> <span class='ocrx_word' id='word_1_183' title='bbox 409 3626 515 3679; x_wconf 90' lang='lat' dir='ltr'><strong>tamen</strong></span> <span class='ocrx_word' id='word_1_184' title='bbox 531 3630 659 3681; x_wconf 87' lang='lat' dir='ltr'><strong>auctore</strong></span> <span class='ocrx_word' id='word_1_185' title='bbox 680 3618 832 3695; x_wconf 92' lang='lat' dir='ltr'><strong>Domino,</strong></span> <span class='ocrx_word' id='word_1_186' title='bbox 846 3615 880 3680; x_wconf 94' lang='lat' dir='ltr'><strong>in</strong></span> <span class='ocrx_word' id='word_1_187' title='bbox 895 3618 985 3680; x_wconf 89' lang='lat' dir='ltr'><strong>brevi</strong></span> <span class='ocrx_word' id='word_1_188' title='bbox 999 3616 1143 3679; x_wconf 89' lang='lat' dir='ltr'><strong>fidelium</strong></span> <span class='ocrx_word' id='word_1_189' title='bbox 1159 3636 1236 3679; x_wconf 91' lang='lat' dir='ltr'><strong>con·</strong></span> 
     </span>
     <span class='ocr_line' id='line_1_28' title="bbox 285 3718 1240 3802; baseline 0.002 -21"><span class='ocrx_word' id='word_1_190' title='bbox 285 3721 412 3797; x_wconf 91' lang='lat' dir='ltr'><strong>solator,</strong></span> <span class='ocrx_word' id='word_1_191' title='bbox 426 3729 458 3782; x_wconf 87' lang='lat' dir='ltr'><strong>et</strong></span> <span class='ocrx_word' id='word_1_192' title='bbox 472 3729 603 3801; x_wconf 89' lang='lat' dir='ltr'><strong>propter</strong></span> <span class='ocrx_word' id='word_1_193' title='bbox 617 3722 737 3783; x_wconf 89' lang='lat' dir='ltr'><strong>electos</strong></span> <span class='ocrx_word' id='word_1_194' title='bbox 753 3720 856 3783; x_wconf 88' lang='lat' dir='ltr'><strong>ventis</strong></span> <span class='ocrx_word' id='word_1_195' title='bbox 870 3719 1039 3802; x_wconf 89' lang='lat' dir='ltr'><strong>imperabit</strong></span> <span class='ocrx_word' id='word_1_196' title='bbox 1053 3727 1086 3780; x_wconf 91' lang='lat' dir='ltr'><strong>et</strong></span> <span class='ocrx_word' id='word_1_197' title='bbox 1100 3718 1189 3796; x_wconf 89' lang='lat' dir='ltr'><strong>mari,</strong></span> <span class='ocrx_word' id='word_1_198' title='bbox 1203 3728 1240 3794; x_wconf 86' lang='lat' dir='ltr'><strong>ut</strong></span> 
     </span>
     <span class='ocr_line' id='line_1_29' title="bbox 279 3820 1237 3903; baseline -0.001 -21"><span class='ocrx_word' id='word_1_199' title='bbox 279 3831 509 3883; x_wconf 86' lang='lat' dir='ltr'><strong>momentanea</strong></span> <span class='ocrx_word' id='word_1_200' title='bbox 531 3820 657 3884; x_wconf 86' lang='lat' dir='ltr'><strong>tristitia</strong></span> <span class='ocrx_word' id='word_1_201' title='bbox 679 3822 819 3903; x_wconf 82' lang='lat' dir='ltr'><strong>lugentis</strong></span> <span class='ocrx_word' id='word_1_202' title='bbox 844 3821 1005 3885; x_wconf 69' lang='lat' dir='ltr'><strong>Ecclesiae</strong></span> <span class='ocrx_word' id='word_1_203' title='bbox 1027 3820 1061 3883; x_wconf 93' lang='lat' dir='ltr'><strong>in</strong></span> <span class='ocrx_word' id='word_1_204' title='bbox 1084 3820 1237 3903; x_wconf 81' lang='lat' dir='ltr'><strong>gandium</strong></span> 
     </span>
     <span class='ocr_line' id='line_1_30' title="bbox 287 3920 1239 4003; baseline -0.002 -21"><span class='ocrx_word' id='word_1_205' title='bbox 287 3930 475 4002; x_wconf 87' lang='lat' dir='ltr'><strong>perpetuum</strong></span> <span class='ocrx_word' id='word_1_206' title='bbox 505 3929 715 3983; x_wconf 85' lang='lat' dir='ltr'><strong>convertatur.</strong></span> <span class='ocrx_word' id='word_1_207' title='bbox 762 3920 798 3984; x_wconf 89' lang='lat' dir='ltr'><strong>Si</strong></span> <span class='ocrx_word' id='word_1_208' title='bbox 826 3922 936 3985; x_wconf 87' lang='lat' dir='ltr'><strong>liceret</strong></span> <span class='ocrx_word' id='word_1_209' title='bbox 965 3921 1177 4003; x_wconf 82' lang='lat' dir='ltr'><strong>obligationes</strong></span> <span class='ocrx_word' id='word_1_210' title='bbox 1207 3932 1239 3980; x_wconf 87' lang='lat' dir='ltr'><strong>et</strong></span> 
     </span>
     <span class='ocr_line' id='line_1_31' title="bbox 280 4018 1239 4106; baseline -0.006 -24"><span class='ocrx_word' id='word_1_211' title='bbox 280 4020 463 4098; x_wconf 75' lang='lat' dir='ltr'><strong>cautiones,</strong></span> <span class='ocrx_word' id='word_1_212' title='bbox 472 4020 588 4103; x_wconf 91' lang='lat' dir='ltr'><strong>quibus</strong></span> <span class='ocrx_word' id='word_1_213' title='bbox 598 4021 803 4104; x_wconf 88' lang='lat' dir='ltr'><strong>impetratum</strong></span> <span class='ocrx_word' id='word_1_214' title='bbox 813 4031 861 4084; x_wconf 89' lang='lat' dir='ltr'><strong>est</strong></span> <span class='ocrx_word' id='word_1_215' title='bbox 871 4022 959 4106; x_wconf 91' lang='lat' dir='ltr'><strong>quod</strong></span> <span class='ocrx_word' id='word_1_216' title='bbox 972 4022 1004 4084; x_wconf 92' lang='lat' dir='ltr'><strong>in</strong></span> <span class='ocrx_word' id='word_1_217' title='bbox 1017 4018 1239 4104; x_wconf 84' lang='lat' dir='ltr'><strong>praejudicium</strong></span> 
     </span>
     <span class='ocr_line' id='line_1_32' title="bbox 282 4114 1239 4205; baseline -0.009 -23"><span class='ocrx_word' id='word_1_218' title='bbox 282 4118 528 4183; x_wconf 64' lang='lat' dir='ltr'><strong>cantuariensis</strong></span> <span class='ocrx_word' id='word_1_219' title='bbox 549 4120 786 4205; x_wconf 86' lang='lat' dir='ltr'><strong>archiepiscopi</strong></span> <span class='ocrx_word' id='word_1_220' title='bbox 800 4142 820 4184; x_wconf 91' lang='lat' dir='ltr'><strong>a</strong></span> <span class='ocrx_word' id='word_1_221' title='bbox 834 4121 911 4185; x_wconf 90' lang='lat' dir='ltr'><strong>sede</strong></span> <span class='ocrx_word' id='word_1_222' title='bbox 926 4122 1103 4203; x_wconf 87' lang='lat' dir='ltr'><strong>apostolica</strong></span> <span class='ocrx_word' id='word_1_223' title='bbox 1117 4114 1239 4177; x_wconf 87' lang='lat' dir='ltr'><strong>nuntiis</strong></span> 
     </span>
     <span class='ocr_line' id='line_1_33' title="bbox 282 4222 1235 4305; baseline -0.009 -21"><span class='ocrx_word' id='word_1_224' title='bbox 282 4222 373 4302; x_wconf 83' lang='lat' dir='ltr'><strong>regis</strong></span> <span class='ocrx_word' id='word_1_225' title='bbox 383 4223 548 4305; x_wconf 87' lang='lat' dir='ltr'><strong>jactitatur</strong></span> <span class='ocrx_word' id='word_1_226' title='bbox 563 4243 632 4284; x_wconf 87' lang='lat' dir='ltr'><strong>esse</strong></span> <span class='ocrx_word' id='word_1_227' title='bbox 656 4242 856 4300; x_wconf 87' lang='lat' dir='ltr'><strong>concessum,</strong></span> <span class='ocrx_word' id='word_1_228' title='bbox 871 4223 1005 4284; x_wconf 87' lang='lat' dir='ltr'><strong>libenter</strong></span> <span class='ocrx_word' id='word_1_229' title='bbox 1020 4231 1235 4299; x_wconf 83' lang='lat' dir='ltr'><strong>exponerem:</strong></span> 
     </span>
     <span class='ocr_line' id='line_1_34' title="bbox 287 4317 1237 4405; baseline -0.008 -23"><span class='ocrx_word' id='word_1_230' title='bbox 287 4320 426 4395; x_wconf 86' lang='lat' dir='ltr'><strong>scdsine</strong></span> <span class='ocrx_word' id='word_1_231' title='bbox 441 4324 639 4405; x_wconf 84' lang='lat' dir='ltr'><strong>singulorum</strong></span> <span class='ocrx_word' id='word_1_232' title='bbox 662 4323 871 4405; x_wconf 87' lang='lat' dir='ltr'><strong>expressione</strong></span> <span class='ocrx_word' id='word_1_233' title='bbox 892 4330 1012 4383; x_wconf 93' lang='lat' dir='ltr'><strong>certum</strong></span> <span class='ocrx_word' id='word_1_234' title='bbox 1029 4317 1144 4380; x_wconf 85' lang='lat' dir='ltr'><strong>sithoc</strong></span> <span class='ocrx_word' id='word_1_235' title='bbox 1160 4332 1237 4395; x_wconf 56' lang='lat' dir='ltr'><strong>pacs</strong></span> 
     </span>
    </p>
   </div>
   <div class='ocr_carea' id='block_1_5' title="bbox 0 0 1528 5200">
    <p class='ocr_par' dir='ltr' id='par_1_5' title="bbox 0 0 1528 5200">
     <span class='ocr_line' id='line_1_35' title="bbox 0 0 1528 5200; baseline 0 0"><span class='ocrx_word' id='word_1_236' title='bbox 0 0 1528 5200; x_wconf 95' lang='lat' dir='ltr'><strong> </strong></span> 
     </span>
    </p>
   </div>
  </div>
 </body>
</html>
