<?xml version="1.0" encoding="UTF-8"?>
<!DOCTYPE html PUBLIC "-//W3C//DTD XHTML 1.0 Transitional//EN"
    "http://www.w3.org/TR/xhtml1/DTD/xhtml1-transitional.dtd">
<html xmlns="http://www.w3.org/1999/xhtml" xml:lang="en" lang="en">
 <head>
  <title>
</title>
<meta http-equiv="Content-Type" content="text/html;charset=utf-8" />
  <meta name='ocr-system' content='tesseract 3.04.00' />
  <meta name='ocr-capabilities' content='ocr_page ocr_carea ocr_par ocr_line ocrx_word'/>
</head>
<body>
  <div class='ocr_page' id='page_1' title='image "./joannissaresber11johngoog_0175.png"; bbox 0 0 3034 5200; ppageno 0'>
   <div class='ocr_carea' id='block_1_1' title="bbox 317 698 1268 771">
    <p class='ocr_par' dir='ltr' id='par_1_1' title="bbox 317 698 1268 771">
     <span class='ocr_line' id='line_1_1' title="bbox 317 698 1268 771; baseline 0 -13"><span class='ocrx_word' id='word_1_1' title='bbox 317 701 377 760; x_wconf 84' lang='grc'><strong>156</strong></span> <span class='ocrx_word' id='word_1_2' title='bbox 580 713 715 758; x_wconf 68' lang='lat' dir='ltr'><strong>sonuum</strong></span> <span class='ocrx_word' id='word_1_3' title='bbox 731 711 1004 756; x_wconf 74' lang='lat' dir='ltr'><strong>sanusnemmsrs</strong></span> <span class='ocrx_word' id='word_1_4' title='bbox 1170 698 1216 771; x_wconf 81' lang='lat' dir='ltr'><strong>[A.</strong></span> <span class='ocrx_word' id='word_1_5' title='bbox 1234 715 1268 758; x_wconf 86' lang='lat' dir='ltr'><strong>u.</strong></span> 
     </span>
    </p>
   </div>
   <div class='ocr_carea' id='block_1_2' title="bbox 315 861 1273 2364">
    <p class='ocr_par' dir='ltr' id='par_1_2' title="bbox 315 861 1273 2364">
     <span class='ocr_line' id='line_1_2' title="bbox 315 861 1266 947; baseline 0.003 -23"><span class='ocrx_word' id='word_1_6' title='bbox 315 863 424 937; x_wconf 87' lang='lat' dir='ltr'><strong>verbo,</strong></span> <span class='ocrx_word' id='word_1_7' title='bbox 433 885 490 925; x_wconf 89' lang='lat' dir='ltr'><strong>uec</strong></span> <span class='ocrx_word' id='word_1_8' title='bbox 501 863 659 927; x_wconf 87' lang='lat' dir='ltr'><strong>invitabar</strong></span> <span class='ocrx_word' id='word_1_9' title='bbox 673 863 837 947; x_wconf 85' lang='lat' dir='ltr'><strong>obsequio,</strong></span> <span class='ocrx_word' id='word_1_10' title='bbox 849 883 906 924; x_wconf 88' lang='lat' dir='ltr'><strong>uec</strong></span> <span class='ocrx_word' id='word_1_11' title='bbox 920 861 1045 946; x_wconf 87' lang='lat' dir='ltr'><strong>injuriis</strong></span> <span class='ocrx_word' id='word_1_12' title='bbox 1059 864 1266 946; x_wconf 86' lang='lat' dir='ltr'><strong>provocabar,</strong></span> 
     </span>
     <span class='ocr_line' id='line_1_3' title="bbox 315 962 1268 1048; baseline 0.002 -22"><span class='ocrx_word' id='word_1_13' title='bbox 315 964 375 1027; x_wconf 88' lang='lat' dir='ltr'><strong>nisi</strong></span> <span class='ocrx_word' id='word_1_14' title='bbox 399 964 457 1027; x_wconf 93' lang='lat' dir='ltr'><strong>tibi</strong></span> <span class='ocrx_word' id='word_1_15' title='bbox 482 987 579 1048; x_wconf 91' lang='lat' dir='ltr'><strong>quem</strong></span> <span class='ocrx_word' id='word_1_16' title='bbox 603 964 703 1048; x_wconf 84' lang='lat' dir='ltr'>diligo</span> <span class='ocrx_word' id='word_1_17' title='bbox 725 963 863 1026; x_wconf 87' lang='lat' dir='ltr'><strong>viderem</strong></span> <span class='ocrx_word' id='word_1_18' title='bbox 890 962 1067 1047; x_wconf 87' lang='lat' dir='ltr'><strong>periculum</strong></span> <span class='ocrx_word' id='word_1_19' title='bbox 1094 963 1268 1028; x_wconf 88' lang='lat' dir='ltr'><strong>imminere.</strong></span> 
     </span>
     <span class='ocr_line' id='line_1_4' title="bbox 315 1062 1269 1147; baseline 0.001 -21"><span class='ocrx_word' id='word_1_20' title='bbox 315 1062 474 1126; x_wconf 87' lang='lat' dir='ltr'><strong>Dominus</strong></span> <span class='ocrx_word' id='word_1_21' title='bbox 495 1064 578 1126; x_wconf 92' lang='lat' dir='ltr'><strong>enim</strong></span> <span class='ocrx_word' id='word_1_22' title='bbox 594 1062 833 1127; x_wconf 76' lang='lat' dir='ltr'>cantuariensis</span> <span class='ocrx_word' id='word_1_23' title='bbox 854 1066 956 1125; x_wconf 86' lang='lat' dir='ltr'><strong>multa</strong></span> <span class='ocrx_word' id='word_1_24' title='bbox 978 1065 1127 1147; x_wconf 86' lang='lat' dir='ltr'><strong>proponit</strong></span> <span class='ocrx_word' id='word_1_25' title='bbox 1148 1078 1269 1128; x_wconf 89' lang='lat' dir='ltr'><strong>contra.</strong></span> 
     </span>
     <span class='ocr_line' id='line_1_5' title="bbox 316 1162 1267 1249; baseline 0.001 -23"><span class='ocrx_word' id='word_1_26' title='bbox 316 1175 348 1226; x_wconf 88' lang='lat' dir='ltr'><strong>te</strong></span> <span class='ocrx_word' id='word_1_27' title='bbox 365 1163 454 1246; x_wconf 87' lang='lat' dir='ltr'><strong>juste</strong></span> <span class='ocrx_word' id='word_1_28' title='bbox 468 1175 506 1227; x_wconf 93' lang='lat' dir='ltr'><strong>ut</strong></span> <span class='ocrx_word' id='word_1_29' title='bbox 520 1164 641 1236; x_wconf 84' lang='lat' dir='ltr'><strong>asserit,</strong></span> <span class='ocrx_word' id='word_1_30' title='bbox 658 1164 734 1249; x_wconf 89' lang='lat' dir='ltr'><strong>quia</strong></span> <span class='ocrx_word' id='word_1_31' title='bbox 748 1176 781 1226; x_wconf 92' lang='lat' dir='ltr'><strong>et</strong></span> <span class='ocrx_word' id='word_1_32' title='bbox 801 1162 833 1225; x_wconf 92' lang='lat' dir='ltr'><strong>iu</strong></span> <span class='ocrx_word' id='word_1_33' title='bbox 853 1163 999 1248; x_wconf 85' lang='lat' dir='ltr'><strong>proprias</strong></span> <span class='ocrx_word' id='word_1_34' title='bbox 1021 1163 1166 1226; x_wconf 86' lang='lat' dir='ltr'><strong>ecclesias</strong></span> <span class='ocrx_word' id='word_1_35' title='bbox 1185 1165 1267 1248; x_wconf 88' lang='lat' dir='ltr'><strong>ejus,</strong></span> 
     </span>
     <span class='ocr_line' id='line_1_6' title="bbox 316 1264 1267 1350; baseline 0.002 -22"><span class='ocrx_word' id='word_1_36' title='bbox 316 1279 348 1330; x_wconf 90' lang='lat' dir='ltr'><strong>et</strong></span> <span class='ocrx_word' id='word_1_37' title='bbox 370 1266 402 1328; x_wconf 94' lang='lat' dir='ltr'><strong>in</strong></span> <span class='ocrx_word' id='word_1_38' title='bbox 425 1266 569 1329; x_wconf 88' lang='lat' dir='ltr'><strong>homines</strong></span> <span class='ocrx_word' id='word_1_39' title='bbox 591 1265 704 1329; x_wconf 87' lang='lat' dir='ltr'><strong>diceris</strong></span> <span class='ocrx_word' id='word_1_40' title='bbox 726 1264 828 1330; x_wconf 86' lang='lat' dir='ltr'><strong>multa</strong></span> <span class='ocrx_word' id='word_1_41' title='bbox 846 1287 1050 1350; x_wconf 84' lang='lat' dir='ltr'><strong>praesumere,</strong></span> <span class='ocrx_word' id='word_1_42' title='bbox 1062 1278 1094 1329; x_wconf 92' lang='lat' dir='ltr'><strong>et</strong></span> <span class='ocrx_word' id='word_1_43' title='bbox 1115 1287 1188 1328; x_wconf 90' lang='lat' dir='ltr'><strong>eum</strong></span> <span class='ocrx_word' id='word_1_44' title='bbox 1212 1289 1267 1330; x_wconf 81' lang='lat' dir='ltr'><strong>ex-</strong></span> 
     </span>
     <span class='ocr_line' id='line_1_7' title="bbox 317 1366 1268 1452; baseline -0.001 -21"><span class='ocrx_word' id='word_1_45' title='bbox 317 1368 557 1432; x_wconf 87' lang='lat' dir='ltr'><strong>communicatis</strong></span> <span class='ocrx_word' id='word_1_46' title='bbox 571 1367 647 1443; x_wconf 87' lang='lat' dir='ltr'><strong>suis,</strong></span> <span class='ocrx_word' id='word_1_47' title='bbox 657 1367 714 1450; x_wconf 91' lang='lat' dir='ltr'><strong>qui</strong></span> <span class='ocrx_word' id='word_1_48' title='bbox 724 1367 811 1451; x_wconf 86' lang='lat' dir='ltr'><strong>juris</strong></span> <span class='ocrx_word' id='word_1_49' title='bbox 824 1380 1005 1452; x_wconf 83' lang='lat' dir='ltr'><strong>exequutor</strong></span> <span class='ocrx_word' id='word_1_50' title='bbox 1020 1390 1086 1430; x_wconf 89' lang='lat' dir='ltr'><strong>esse</strong></span> <span class='ocrx_word' id='word_1_51' title='bbox 1100 1366 1268 1445; x_wconf 86' lang='lat' dir='ltr'><strong>debueras,</strong></span> 
     </span>
     <span class='ocr_line' id='line_1_8' title="bbox 316 1467 1265 1555; baseline -0.001 -23"><span class='ocrx_word' id='word_1_52' title='bbox 316 1469 421 1555; x_wconf 85' lang='lat' dir='ltr'><strong>palam</strong></span> <span class='ocrx_word' id='word_1_53' title='bbox 441 1471 682 1543; x_wconf 87' lang='lat' dir='ltr'><strong>communicare,</strong></span> <span class='ocrx_word' id='word_1_54' title='bbox 699 1481 731 1532; x_wconf 92' lang='lat' dir='ltr'><strong>et</strong></span> <span class='ocrx_word' id='word_1_55' title='bbox 754 1468 810 1531; x_wconf 95' lang='lat' dir='ltr'><strong>ubi</strong></span> <span class='ocrx_word' id='word_1_56' title='bbox 831 1469 937 1532; x_wconf 85' lang='lat' dir='ltr'><strong>clerici</strong></span> <span class='ocrx_word' id='word_1_57' title='bbox 957 1468 997 1531; x_wconf 89' lang='lat' dir='ltr'><strong>ad</strong></span> <span class='ocrx_word' id='word_1_58' title='bbox 1018 1467 1265 1553; x_wconf 86' lang='lat' dir='ltr'><strong>redemptionem</strong></span> 
     </span>
     <span class='ocr_line' id='line_1_9' title="bbox 316 1566 1266 1658; baseline -0.003 -23"><span class='ocrx_word' id='word_1_59' title='bbox 316 1571 561 1658; x_wconf 90' lang='lat' dir='ltr'><strong>compelluntur,</strong></span> <span class='ocrx_word' id='word_1_60' title='bbox 582 1569 734 1634; x_wconf 87' lang='lat' dir='ltr'><strong>adhibere</strong></span> <span class='ocrx_word' id='word_1_61' title='bbox 758 1591 946 1633; x_wconf 88' lang='lat' dir='ltr'><strong>consensum</strong></span> <span class='ocrx_word' id='word_1_62' title='bbox 971 1569 1020 1632; x_wconf 89' lang='lat' dir='ltr'><strong>vel</strong></span> <span class='ocrx_word' id='word_1_63' title='bbox 1042 1566 1266 1634; x_wconf 74' lang='lat' dir='ltr'><strong>dissimulatio</strong></span> 
     </span>
     <span class='ocr_line' id='line_1_10' title="bbox 317 1668 1268 1756; baseline -0.002 -21"><span class='ocrx_word' id='word_1_64' title='bbox 317 1695 400 1747; x_wconf 92' lang='lat' dir='ltr'><strong>uem,</strong></span> <span class='ocrx_word' id='word_1_65' title='bbox 424 1684 467 1750; x_wconf 88' lang='lat' dir='ltr'><strong>et,</strong></span> <span class='ocrx_word' id='word_1_66' title='bbox 488 1671 576 1756; x_wconf 93' lang='lat' dir='ltr'><strong>quod</strong></span> <span class='ocrx_word' id='word_1_67' title='bbox 598 1671 729 1753; x_wconf 85' lang='lat' dir='ltr'><strong>gravius</strong></span> <span class='ocrx_word' id='word_1_68' title='bbox 748 1683 807 1747; x_wconf 92' lang='lat' dir='ltr'><strong>est,</strong></span> <span class='ocrx_word' id='word_1_69' title='bbox 826 1668 868 1732; x_wconf 89' lang='lat' dir='ltr'><strong>ad</strong></span> <span class='ocrx_word' id='word_1_70' title='bbox 890 1669 1094 1755; x_wconf 81' lang='lat' dir='ltr'><strong>participium</strong></span> <span class='ocrx_word' id='word_1_71' title='bbox 1117 1693 1179 1734; x_wconf 92' lang='lat' dir='ltr'><strong>non</strong></span> <span class='ocrx_word' id='word_1_72' title='bbox 1203 1683 1268 1734; x_wconf 86' lang='lat' dir='ltr'><strong>tam</strong></span> 
     </span>
     <span class='ocr_line' id='line_1_11' title="bbox 317 1770 1270 1857; baseline -0.001 -21"><span class='ocrx_word' id='word_1_73' title='bbox 317 1774 399 1836; x_wconf 91' lang='lat' dir='ltr'><strong>lucri</strong></span> <span class='ocrx_word' id='word_1_74' title='bbox 420 1793 515 1857; x_wconf 88' lang='lat' dir='ltr'><strong>quam</strong></span> <span class='ocrx_word' id='word_1_75' title='bbox 535 1770 672 1833; x_wconf 87' lang='lat' dir='ltr'><strong>sceleris.</strong></span> <span class='ocrx_word' id='word_1_76' title='bbox 718 1773 834 1854; x_wconf 89' lang='lat' dir='ltr'><strong>Neque</strong></span> <span class='ocrx_word' id='word_1_77' title='bbox 853 1770 935 1833; x_wconf 92' lang='lat' dir='ltr'><strong>euim</strong></span> <span class='ocrx_word' id='word_1_78' title='bbox 956 1771 1095 1836; x_wconf 86' lang='lat' dir='ltr'><strong>absoluti</strong></span> <span class='ocrx_word' id='word_1_79' title='bbox 1116 1785 1191 1836; x_wconf 92' lang='lat' dir='ltr'><strong>suut</strong></span> <span class='ocrx_word' id='word_1_80' title='bbox 1211 1772 1270 1835; x_wconf 90' lang='lat' dir='ltr'><strong>im-</strong></span> 
     </span>
     <span class='ocr_line' id='line_1_12' title="bbox 318 1872 1270 1961; baseline 0 -24"><span class='ocrx_word' id='word_1_81' title='bbox 318 1875 508 1959; x_wconf 88' lang='lat' dir='ltr'><strong>poeuiteutes</strong></span> <span class='ocrx_word' id='word_1_82' title='bbox 527 1882 764 1956; x_wconf 87' lang='lat' dir='ltr'><strong>perseverantes</strong></span> <span class='ocrx_word' id='word_1_83' title='bbox 783 1872 816 1934; x_wconf 89' lang='lat' dir='ltr'><strong>iu</strong></span> <span class='ocrx_word' id='word_1_84' title='bbox 838 1873 954 1936; x_wconf 92' lang='lat' dir='ltr'><strong>scelere</strong></span> <span class='ocrx_word' id='word_1_85' title='bbox 968 1889 1001 1937; x_wconf 92' lang='lat' dir='ltr'><strong>et</strong></span> <span class='ocrx_word' id='word_1_86' title='bbox 1017 1874 1183 1937; x_wconf 89' lang='lat' dir='ltr'><strong>voluntate</strong></span> <span class='ocrx_word' id='word_1_87' title='bbox 1197 1899 1270 1961; x_wconf 92' lang='lat' dir='ltr'><strong>pec-</strong></span> 
     </span>
     <span class='ocr_line' id='line_1_13' title="bbox 318 1972 1271 2057; baseline 0.001 -20"><span class='ocrx_word' id='word_1_88' title='bbox 318 1975 421 2038; x_wconf 89' lang='lat' dir='ltr'><strong>candi.</strong></span> <span class='ocrx_word' id='word_1_89' title='bbox 480 1976 553 2037; x_wconf 91' lang='lat' dir='ltr'><strong>Hoc</strong></span> <span class='ocrx_word' id='word_1_90' title='bbox 583 1995 720 2057; x_wconf 87' lang='lat' dir='ltr'><strong>namque</strong></span> <span class='ocrx_word' id='word_1_91' title='bbox 757 1972 900 2036; x_wconf 81' lang='lat' dir='ltr'><strong>conferre</strong></span> <span class='ocrx_word' id='word_1_92' title='bbox 929 1996 987 2036; x_wconf 91' lang='lat' dir='ltr'><strong>uec</strong></span> <span class='ocrx_word' id='word_1_93' title='bbox 1015 1973 1184 2038; x_wconf 85' lang='lat' dir='ltr'><strong>cardinalis</strong></span> <span class='ocrx_word' id='word_1_94' title='bbox 1213 1996 1271 2038; x_wconf 89' lang='lat' dir='ltr'><strong>nec</strong></span> 
     </span>
     <span class='ocr_line' id='line_1_14' title="bbox 320 2074 1273 2162; baseline 0.001 -22"><span class='ocrx_word' id='word_1_95' title='bbox 320 2074 513 2162; x_wconf 90' lang='lat' dir='ltr'><strong>apostolicus</strong></span> <span class='ocrx_word' id='word_1_96' title='bbox 542 2075 671 2159; x_wconf 90' lang='lat' dir='ltr'><strong>poterit.</strong></span> <span class='ocrx_word' id='word_1_97' title='bbox 724 2075 879 2139; x_wconf 90' lang='lat' dir='ltr'><strong>Sensisses</strong></span> <span class='ocrx_word' id='word_1_98' title='bbox 907 2089 1013 2139; x_wconf 89' lang='lat' dir='ltr'><strong>autem</strong></span> <span class='ocrx_word' id='word_1_99' title='bbox 1044 2075 1273 2159; x_wconf 85' lang='lat' dir='ltr'><strong>indignationis</strong></span> 
     </span>
     <span class='ocr_line' id='line_1_15' title="bbox 319 2174 1272 2263; baseline 0.001 -24"><span class='ocrx_word' id='word_1_100' title='bbox 319 2177 390 2263; x_wconf 89' lang='lat' dir='ltr'><strong>ejus</strong></span> <span class='ocrx_word' id='word_1_101' title='bbox 404 2175 541 2251; x_wconf 87' lang='lat' dir='ltr'><strong>aculeos,</strong></span> <span class='ocrx_word' id='word_1_102' title='bbox 557 2174 617 2238; x_wconf 92' lang='lat' dir='ltr'><strong>nisi</strong></span> <span class='ocrx_word' id='word_1_103' title='bbox 631 2176 747 2260; x_wconf 87' lang='lat' dir='ltr'><strong>aliquis</strong></span> <span class='ocrx_word' id='word_1_104' title='bbox 769 2177 942 2241; x_wconf 87' lang='lat' dir='ltr'><strong>amicorum</strong></span> <span class='ocrx_word' id='word_1_105' title='bbox 962 2189 1092 2241; x_wconf 91' lang='lat' dir='ltr'><strong>tuorum</strong></span> <span class='ocrx_word' id='word_1_106' title='bbox 1106 2176 1183 2240; x_wconf 89' lang='lat' dir='ltr'><strong>dato</strong></span> <span class='ocrx_word' id='word_1_107' title='bbox 1197 2199 1272 2240; x_wconf 92' lang='lat' dir='ltr'><strong>con-</strong></span> 
     </span>
     <span class='ocr_line' id='line_1_16' title="bbox 319 2277 1269 2364; baseline 0 -22"><span class='ocrx_word' id='word_1_108' title='bbox 319 2278 389 2342; x_wconf 83' lang='lat' dir='ltr'><strong>silio</strong></span> <span class='ocrx_word' id='word_1_109' title='bbox 414 2277 599 2342; x_wconf 90' lang='lat' dir='ltr'><strong>obstitisset.</strong></span> <span class='ocrx_word' id='word_1_110' title='bbox 645 2279 726 2354; x_wconf 83' lang='lat' dir='ltr'><strong>Quae</strong></span> <span class='ocrx_word' id='word_1_111' title='bbox 748 2278 773 2342; x_wconf 93' lang='lat' dir='ltr'><strong>si</strong></span> <span class='ocrx_word' id='word_1_112' title='bbox 797 2303 815 2342; x_wconf 93' lang='lat' dir='ltr'><strong>a</strong></span> <span class='ocrx_word' id='word_1_113' title='bbox 838 2291 870 2342; x_wconf 88' lang='lat' dir='ltr'><strong>te</strong></span> <span class='ocrx_word' id='word_1_114' title='bbox 892 2277 1022 2342; x_wconf 90' lang='lat' dir='ltr'><strong>moleste</strong></span> <span class='ocrx_word' id='word_1_115' title='bbox 1047 2291 1177 2364; x_wconf 87' lang='lat' dir='ltr'><strong>accepta</strong></span> <span class='ocrx_word' id='word_1_116' title='bbox 1202 2302 1269 2342; x_wconf 85' lang='lat' dir='ltr'><strong>esse</strong></span> 
     </span>
    </p>
   </div>
   <div class='ocr_carea' id='block_1_3' title="bbox 318 2379 1270 2546">
    <p class='ocr_par' dir='ltr' id='par_1_3' title="bbox 318 2379 1270 2546">
     <span class='ocr_line' id='line_1_17' title="bbox 318 2379 1270 2467; baseline 0.002 -25"><span class='ocrx_word' id='word_1_117' title='bbox 318 2399 507 2464; x_wconf 86' lang='lat' dir='ltr'><strong>cognovero,</strong></span> <span class='ocrx_word' id='word_1_118' title='bbox 530 2379 571 2443; x_wconf 94' lang='lat' dir='ltr'><strong>de</strong></span> <span class='ocrx_word' id='word_1_119' title='bbox 594 2390 625 2442; x_wconf 91' lang='lat' dir='ltr'><strong>te</strong></span> <span class='ocrx_word' id='word_1_120' title='bbox 649 2379 737 2465; x_wconf 88' lang='lat' dir='ltr'><strong>apud</strong></span> <span class='ocrx_word' id='word_1_121' title='bbox 759 2380 850 2444; x_wconf 91' lang='lat' dir='ltr'><strong>illum</strong></span> <span class='ocrx_word' id='word_1_122' title='bbox 875 2392 906 2445; x_wconf 91' lang='lat' dir='ltr'><strong>et</strong></span> <span class='ocrx_word' id='word_1_123' title='bbox 929 2379 1015 2467; x_wconf 88' lang='lat' dir='ltr'><strong>apud</strong></span> <span class='ocrx_word' id='word_1_124' title='bbox 1037 2392 1069 2445; x_wconf 88' lang='lat' dir='ltr'><strong>te</strong></span> <span class='ocrx_word' id='word_1_125' title='bbox 1091 2380 1131 2443; x_wconf 93' lang='lat' dir='ltr'><strong>de</strong></span> <span class='ocrx_word' id='word_1_126' title='bbox 1153 2392 1270 2444; x_wconf 85' lang='lat' dir='ltr'><strong>caetero</strong></span> 
     </span>
     <span class='ocr_line' id='line_1_18' title="bbox 318 2482 428 2546; baseline 0 0"><span class='ocrx_word' id='word_1_127' title='bbox 318 2482 428 2546; x_wconf 87' lang='lat' dir='ltr'><strong>silebo.</strong></span> 
     </span>
    </p>
   </div>
   <div class='ocr_carea' id='block_1_4' title="bbox 423 2606 1098 2679">
    <p class='ocr_par' dir='ltr' id='par_1_4' title="bbox 423 2606 1098 2679">
     <span class='ocr_line' id='line_1_19' title="bbox 423 2606 1098 2679; baseline 0 -19"><span class='ocrx_word' id='word_1_128' title='bbox 423 2606 486 2661; x_wconf 90' lang='lat' dir='ltr'><strong>Non</strong></span> <span class='ocrx_word' id='word_1_129' title='bbox 496 2607 589 2676; x_wconf 79' lang='lat' dir='ltr'><strong>longas</strong></span> <span class='ocrx_word' id='word_1_130' title='bbox 601 2607 718 2679; x_wconf 79' lang='lat' dir='ltr'><strong>[credas]</strong></span> <span class='ocrx_word' id='word_1_131' title='bbox 731 2608 793 2662; x_wconf 87' lang='lat' dir='ltr'><strong>solis</strong></span> <span class='ocrx_word' id='word_1_132' title='bbox 805 2609 911 2676; x_wconf 79' lang='lat' dir='ltr'><strong>regibus</strong></span> <span class='ocrx_word' id='word_1_133' title='bbox 924 2627 981 2663; x_wconf 86' lang='lat' dir='ltr'><strong>esse</strong></span> <span class='ocrx_word' id='word_1_134' title='bbox 993 2627 1098 2662; x_wconf 83' lang='lat' dir='ltr'><strong>manus:</strong></span> 
     </span>
    </p>
   </div>
   <div class='ocr_carea' id='block_1_5' title="bbox 320 2719 1272 3094">
    <p class='ocr_par' dir='ltr' id='par_1_5' title="bbox 320 2719 1272 3094">
     <span class='ocr_line' id='line_1_20' title="bbox 321 2719 1272 2805; baseline -0.001 -20"><span class='ocrx_word' id='word_1_135' title='bbox 321 2734 395 2786; x_wconf 87' lang='lat' dir='ltr'><strong>sunt</strong></span> <span class='ocrx_word' id='word_1_136' title='bbox 415 2720 499 2785; x_wconf 91' lang='lat' dir='ltr'><strong>enim</strong></span> <span class='ocrx_word' id='word_1_137' title='bbox 519 2733 552 2787; x_wconf 88' lang='lat' dir='ltr'><strong>et</strong></span> <span class='ocrx_word' id='word_1_138' title='bbox 572 2719 777 2805; x_wconf 88' lang='lat' dir='ltr'><strong>pontificibus</strong></span> <span class='ocrx_word' id='word_1_139' title='bbox 797 2719 964 2803; x_wconf 87' lang='lat' dir='ltr'><strong>longiores.</strong></span> <span class='ocrx_word' id='word_1_140' title='bbox 1010 2723 1167 2785; x_wconf 88' lang='lat' dir='ltr'><strong>Dominus</strong></span> <span class='ocrx_word' id='word_1_141' title='bbox 1188 2724 1272 2787; x_wconf 84' lang='lat' dir='ltr'><strong>Can-</strong></span> 
     </span>
     <span class='ocr_line' id='line_1_21' title="bbox 320 2823 1272 2909; baseline -0.003 -19"><span class='ocrx_word' id='word_1_142' title='bbox 320 2837 402 2890; x_wconf 84' lang='lat' dir='ltr'><strong>tuar.</strong></span> <span class='ocrx_word' id='word_1_143' title='bbox 430 2824 511 2889; x_wconf 88' lang='lat' dir='ltr'><strong>sicut</strong></span> <span class='ocrx_word' id='word_1_144' title='bbox 537 2846 596 2909; x_wconf 89' lang='lat' dir='ltr'><strong>pro</strong></span> <span class='ocrx_word' id='word_1_145' title='bbox 620 2846 687 2899; x_wconf 88' lang='lat' dir='ltr'><strong>sua,</strong></span> <span class='ocrx_word' id='word_1_146' title='bbox 715 2825 759 2885; x_wconf 86' lang='lat' dir='ltr'><strong>ita</strong></span> <span class='ocrx_word' id='word_1_147' title='bbox 784 2844 842 2907; x_wconf 90' lang='lat' dir='ltr'><strong>pro</strong></span> <span class='ocrx_word' id='word_1_148' title='bbox 868 2834 925 2885; x_wconf 87' lang='lat' dir='ltr'><strong>tua</strong></span> <span class='ocrx_word' id='word_1_149' title='bbox 949 2835 982 2886; x_wconf 92' lang='lat' dir='ltr'><strong>et</strong></span> <span class='ocrx_word' id='word_1_150' title='bbox 1009 2824 1108 2887; x_wconf 92' lang='lat' dir='ltr'><strong>totius</strong></span> <span class='ocrx_word' id='word_1_151' title='bbox 1134 2823 1272 2887; x_wconf 87' lang='lat' dir='ltr'><strong>ecclesiae</strong></span> 
     </span>
     <span class='ocr_line' id='line_1_22' title="bbox 320 2924 1271 3011; baseline -0.002 -21"><span class='ocrx_word' id='word_1_152' title='bbox 320 2927 450 2990; x_wconf 90' lang='lat' dir='ltr'><strong>dimicat</strong></span> <span class='ocrx_word' id='word_1_153' title='bbox 465 2926 621 3006; x_wconf 88' lang='lat' dir='ltr'><strong>libertate,</strong></span> <span class='ocrx_word' id='word_1_154' title='bbox 631 2947 724 3011; x_wconf 90' lang='lat' dir='ltr'><strong>quem</strong></span> <span class='ocrx_word' id='word_1_155' title='bbox 742 2924 887 3011; x_wconf 86' lang='lat' dir='ltr'><strong>persequi</strong></span> <span class='ocrx_word' id='word_1_156' title='bbox 902 2946 962 3009; x_wconf 93' lang='lat' dir='ltr'><strong>pro</strong></span> <span class='ocrx_word' id='word_1_157' title='bbox 973 2924 1029 2989; x_wconf 88' lang='lat' dir='ltr'><strong>tali</strong></span> <span class='ocrx_word' id='word_1_158' title='bbox 1044 2949 1139 2989; x_wconf 87' lang='lat' dir='ltr'><strong>causa</strong></span> <span class='ocrx_word' id='word_1_159' title='bbox 1154 2926 1271 2990; x_wconf 91' lang='lat' dir='ltr'><strong>crimen</strong></span> 
     </span>
     <span class='ocr_line' id='line_1_23' title="bbox 320 3027 742 3094; baseline 0.007 -5"><span class='ocrx_word' id='word_1_160' title='bbox 320 3027 505 3091; x_wconf 86' lang='lat' dir='ltr'><strong>idololatriae</strong></span> <span class='ocrx_word' id='word_1_161' title='bbox 519 3040 576 3093; x_wconf 87' lang='lat' dir='ltr'><strong>est.</strong></span> <span class='ocrx_word' id='word_1_162' title='bbox 622 3027 742 3094; x_wconf 85' lang='lat' dir='ltr'><strong>Valete.</strong></span> 
     </span>
    </p>
   </div>
   <div class='ocr_carea' id='block_1_6' title="bbox 319 3326 1270 3510">
    <p class='ocr_par' dir='ltr' id='par_1_6' title="bbox 319 3326 1270 3510">
     <span class='ocr_line' id='line_1_24' title="bbox 319 3326 1270 3397; baseline 0.003 -7"><span class='ocrx_word' id='word_1_163' title='bbox 319 3326 540 3391; x_wconf 87' lang='lat' dir='ltr'>EPISTOLA</span> <span class='ocrx_word' id='word_1_164' title='bbox 563 3329 799 3394; x_wconf 67' lang='lat' dir='ltr'><strong>cuttu-sn</strong></span> <span class='ocrx_word' id='word_1_165' title='bbox 815 3351 1012 3397; x_wconf 77' lang='lat' dir='ltr'><strong>msuisrnuu</strong></span> <span class='ocrx_word' id='word_1_166' title='bbox 1035 3352 1270 3396; x_wconf 73' lang='lat' dir='ltr'><strong>nnuuuumuu.</strong></span> 
     </span>
     <span class='ocr_line' id='line_1_25' title="bbox 684 3431 908 3510; baseline -0.018 -19"><span class='ocrx_word' id='word_1_167' title='bbox 684 3431 771 3509; x_wconf 61' lang='lat' dir='ltr'><strong>Lau.</strong></span> <span class='ocrx_word' id='word_1_168' title='bbox 792 3434 908 3510; x_wconf 66' lang='lat' dir='ltr'><strong>llus]</strong></span> 
     </span>
    </p>
   </div>
   <div class='ocr_carea' id='block_1_7' title="bbox 558 3576 1028 3660">
    <p class='ocr_par' dir='ltr' id='par_1_7' title="bbox 558 3576 1028 3660">
     <span class='ocr_line' id='line_1_26' title="bbox 558 3576 1028 3660; baseline 0.009 -21"><span class='ocrx_word' id='word_1_169' title='bbox 558 3576 647 3641; x_wconf 86' lang='lat' dir='ltr'><strong>Idem</strong></span> <span class='ocrx_word' id='word_1_170' title='bbox 662 3578 831 3660; x_wconf 68' lang='lat' dir='ltr'><strong>Maqutw</strong></span> <span class='ocrx_word' id='word_1_171' title='bbox 840 3578 1028 3643; x_wconf 79' lang='lat' dir='ltr'><strong>Laurentio.</strong></span> 
     </span>
    </p>
   </div>
   <div class='ocr_carea' id='block_1_8' title="bbox 323 3694 1276 4392">
    <p class='ocr_par' dir='ltr' id='par_1_8' title="bbox 323 3694 1276 4392">
     <span class='ocr_line' id='line_1_27' title="bbox 366 3694 1274 3783; baseline 0.004 -26"><span class='ocrx_word' id='word_1_172' title='bbox 366 3696 421 3758; x_wconf 79' lang='lat' dir='ltr'><strong>Du</strong></span> <span class='ocrx_word' id='word_1_173' title='bbox 437 3716 566 3760; x_wconf 86' lang='lat' dir='ltr'><strong>munere</strong></span> <span class='ocrx_word' id='word_1_174' title='bbox 582 3708 686 3760; x_wconf 89' lang='lat' dir='ltr'><strong>vestro</strong></span> <span class='ocrx_word' id='word_1_175' title='bbox 701 3717 774 3760; x_wconf 86' lang='lat' dir='ltr'><strong>caro</strong></span> <span class='ocrx_word' id='word_1_176' title='bbox 796 3709 828 3761; x_wconf 92' lang='lat' dir='ltr'><strong>et</strong></span> <span class='ocrx_word' id='word_1_177' title='bbox 850 3694 999 3781; x_wconf 82' lang='lat' dir='ltr'><strong>glorioso,</strong></span> <span class='ocrx_word' id='word_1_178' title='bbox 1015 3696 1102 3782; x_wconf 92' lang='lat' dir='ltr'><strong>quod</strong></span> <span class='ocrx_word' id='word_1_179' title='bbox 1119 3696 1196 3759; x_wconf 93' lang='lat' dir='ltr'><strong>mihi</strong></span> <span class='ocrx_word' id='word_1_180' title='bbox 1217 3722 1274 3783; x_wconf 91' lang='lat' dir='ltr'><strong>per</strong></span> 
     </span>
     <span class='ocr_line' id='line_1_28' title="bbox 323 3799 1273 3885; baseline 0.003 -26"><span class='ocrx_word' id='word_1_181' title='bbox 323 3819 523 3860; x_wconf 91' lang='lat' dir='ltr'><strong>communem</strong></span> <span class='ocrx_word' id='word_1_182' title='bbox 545 3802 682 3864; x_wconf 84' lang='lat' dir='ltr'><strong>amicum</strong></span> <span class='ocrx_word' id='word_1_183' title='bbox 709 3813 852 3865; x_wconf 88' lang='lat' dir='ltr'><strong>nostrum</strong></span> <span class='ocrx_word' id='word_1_184' title='bbox 876 3799 1071 3885; x_wconf 84' lang='lat' dir='ltr'><strong>Magistrum</strong></span> <span class='ocrx_word' id='word_1_185' title='bbox 1097 3799 1273 3863; x_wconf 90' lang='lat' dir='ltr'><strong>scholarum</strong></span> 
     </span>
     <span class='ocr_line' id='line_1_29' title="bbox 325 3898 1276 3989; baseline 0.002 -26"><span class='ocrx_word' id='word_1_186' title='bbox 325 3898 552 3977; x_wconf 82' lang='lat' dir='ltr'><strong>transmisistis,</strong></span> <span class='ocrx_word' id='word_1_187' title='bbox 561 3901 743 3966; x_wconf 86' lang='lat' dir='ltr'><strong>liberalitati</strong></span> <span class='ocrx_word' id='word_1_188' title='bbox 756 3916 868 3968; x_wconf 84' lang='lat' dir='ltr'><strong>vestrae</strong></span> <span class='ocrx_word' id='word_1_189' title='bbox 879 3902 997 3989; x_wconf 86' lang='lat' dir='ltr'><strong>gratias</strong></span> <span class='ocrx_word' id='word_1_190' title='bbox 1012 3924 1085 3987; x_wconf 87' lang='lat' dir='ltr'><strong>ago,</strong></span> <span class='ocrx_word' id='word_1_191' title='bbox 1095 3900 1276 3965; x_wconf 86' lang='lat' dir='ltr'><strong>desiderans</strong></span> 
     </span>
     <span class='ocr_line' id='line_1_30' title="bbox 325 4001 1276 4091; baseline 0.001 -26"><span class='ocrx_word' id='word_1_192' title='bbox 325 4013 361 4065; x_wconf 87' lang='lat' dir='ltr'><strong>ut</strong></span> <span class='ocrx_word' id='word_1_193' title='bbox 377 4002 406 4066; x_wconf 92' lang='lat' dir='ltr'><strong>ei</strong></span> <span class='ocrx_word' id='word_1_194' title='bbox 421 4001 615 4087; x_wconf 82' lang='lat' dir='ltr'><strong>quandoque</strong></span> <span class='ocrx_word' id='word_1_195' title='bbox 630 4002 762 4079; x_wconf 85' lang='lat' dir='ltr'><strong>valeam,</strong></span> <span class='ocrx_word' id='word_1_196' title='bbox 778 4017 875 4091; x_wconf 90' lang='lat' dir='ltr'><strong>prout</strong></span> <span class='ocrx_word' id='word_1_197' title='bbox 897 4005 993 4089; x_wconf 90' lang='lat' dir='ltr'><strong>gestit</strong></span> <span class='ocrx_word' id='word_1_198' title='bbox 1008 4003 1132 4068; x_wconf 86' lang='lat' dir='ltr'><strong>animus</strong></span> <span class='ocrx_word' id='word_1_199' title='bbox 1147 4026 1276 4089; x_wconf 90' lang='lat' dir='ltr'><strong>respou-</strong></span> 
     </span>
     <span class='ocr_line' id='line_1_31' title="bbox 326 4100 1275 4191; baseline 0.005 -28"><span class='ocrx_word' id='word_1_200' title='bbox 326 4100 409 4166; x_wconf 88' lang='lat' dir='ltr'><strong>dere.</strong></span> <span class='ocrx_word' id='word_1_201' title='bbox 448 4103 492 4166; x_wconf 87' lang='lat' dir='ltr'><strong>Et</strong></span> <span class='ocrx_word' id='word_1_202' title='bbox 508 4125 599 4188; x_wconf 92' lang='lat' dir='ltr'><strong>spero</strong></span> <span class='ocrx_word' id='word_1_203' title='bbox 615 4103 714 4191; x_wconf 90' lang='lat' dir='ltr'><strong>quod,</strong></span> <span class='ocrx_word' id='word_1_204' title='bbox 727 4126 784 4189; x_wconf 90' lang='lat' dir='ltr'><strong>per</strong></span> <span class='ocrx_word' id='word_1_205' title='bbox 798 4105 936 4190; x_wconf 83' lang='lat' dir='ltr'><strong>gratiam</strong></span> <span class='ocrx_word' id='word_1_206' title='bbox 950 4104 1022 4185; x_wconf 92' lang='lat' dir='ltr'><strong>Dei,</strong></span> <span class='ocrx_word' id='word_1_207' title='bbox 1032 4104 1123 4169; x_wconf 90' lang='lat' dir='ltr'><strong>nobis</strong></span> <span class='ocrx_word' id='word_1_208' title='bbox 1137 4101 1168 4167; x_wconf 94' lang='lat' dir='ltr'><strong>in</strong></span> <span class='ocrx_word' id='word_1_209' title='bbox 1184 4104 1275 4168; x_wconf 90' lang='lat' dir='ltr'><strong>brevi</strong></span> 
     </span>
     <span class='ocr_line' id='line_1_32' title="bbox 324 4201 1274 4290; baseline 0.001 -26"><span class='ocrx_word' id='word_1_210' title='bbox 324 4202 454 4267; x_wconf 85' lang='lat' dir='ltr'><strong>dabitur</strong></span> <span class='ocrx_word' id='word_1_211' title='bbox 476 4201 697 4289; x_wconf 88' lang='lat' dir='ltr'><strong>opportunitas</strong></span> <span class='ocrx_word' id='word_1_212' title='bbox 719 4206 854 4268; x_wconf 89' lang='lat' dir='ltr'><strong>invicem</strong></span> <span class='ocrx_word' id='word_1_213' title='bbox 882 4203 1089 4289; x_wconf 85' lang='lat' dir='ltr'><strong>obsequendi,</strong></span> <span class='ocrx_word' id='word_1_214' title='bbox 1112 4202 1189 4290; x_wconf 88' lang='lat' dir='ltr'><strong>quia</strong></span> <span class='ocrx_word' id='word_1_215' title='bbox 1206 4203 1274 4287; x_wconf 88' lang='lat' dir='ltr'><strong>jam</strong></span> 
     </span>
     <span class='ocr_line' id='line_1_33' title="bbox 324 4304 1274 4392; baseline 0 -27"><span class='ocrx_word' id='word_1_216' title='bbox 324 4304 500 4367; x_wconf 89' lang='lat' dir='ltr'><strong>conteritur</strong></span> <span class='ocrx_word' id='word_1_217' title='bbox 523 4318 620 4392; x_wconf 91' lang='lat' dir='ltr'><strong>caput</strong></span> <span class='ocrx_word' id='word_1_218' title='bbox 644 4304 831 4383; x_wconf 85' lang='lat' dir='ltr'><strong>schismatis,</strong></span> <span class='ocrx_word' id='word_1_219' title='bbox 857 4318 889 4368; x_wconf 90' lang='lat' dir='ltr'><strong>et</strong></span> <span class='ocrx_word' id='word_1_220' title='bbox 914 4328 988 4388; x_wconf 86' lang='lat' dir='ltr'><strong>quae</strong></span> <span class='ocrx_word' id='word_1_221' title='bbox 1012 4304 1040 4369; x_wconf 87' lang='lat' dir='ltr'><strong>ei</strong></span> <span class='ocrx_word' id='word_1_222' title='bbox 1064 4306 1274 4377; x_wconf 84' lang='lat' dir='ltr'><strong>cohaeserunt,</strong></span> 
     </span>
    </p>
   </div>
   <div class='ocr_carea' id='block_1_9' title="bbox 0 0 1536 5200">
    <p class='ocr_par' dir='ltr' id='par_1_9' title="bbox 0 0 1536 5200">
     <span class='ocr_line' id='line_1_34' title="bbox 0 0 1536 5200; baseline 0 0"><span class='ocrx_word' id='word_1_223' title='bbox 0 0 1536 5200; x_wconf 95' lang='lat' dir='ltr'><strong> </strong></span> 
     </span>
    </p>
   </div>
  </div>
 </body>
</html>
