3034 5200
284 718 306 774 6
544 730 680 774 romnus
695 728 975 775 suussmemursrs
1144 711 1189 791 [u.
1205 731 1238 775 n.

285 904 376 964 agere
391 883 564 946 consuevit.
603 882 761 945 Caeterum
780 881 838 944 tibi
855 882 1044 964 compatior,
1059 884 1114 966 qui
1132 883 1232 946 mino·

284 1005 350 1046 rem
367 985 565 1047 securitatem
580 985 613 1046 in
631 993 735 1067 portu,
746 1004 844 1068 quam
858 982 892 1045 in
905 983 1068 1065 naufragio
1083 984 1237 1068 reperisti.

287 1084 350 1148 Sed
367 1086 393 1148 si
410 1085 467 1148 tibi
490 1087 580 1149 Deus
596 1085 704 1149 velud
720 1085 882 1149 modicum
900 1086 1089 1169 patientiam
1103 1085 1238 1156 dederit,

286 1187 373 1270 quod
403 1187 461 1250 tibi
490 1185 670 1250 indubitata
699 1185 764 1249 fide
798 1185 989 1270 pronuncio,
1017 1186 1170 1268 naufragi,
1199 1185 1239 1248 de

286 1288 402 1372 quibus
418 1287 614 1370 desperatur,
629 1288 780 1352 citissime
798 1298 948 1372 poterunt
962 1301 994 1351 et
1009 1291 1118 1352 volent
1133 1288 1236 1371 opitu·

285 1390 352 1453 lari.
398 1391 456 1453 Sta
477 1411 551 1472 ergo
573 1391 607 1455 in
633 1413 672 1455 ca
695 1390 891 1469 conditione,
912 1390 946 1453 in
969 1411 1074 1474 quaa
1096 1390 1238 1453 Domino

285 1506 419 1557 vocatus
434 1515 479 1572 es,
493 1505 526 1556 et
539 1497 651 1557 saltem
668 1504 825 1579 quatenus
840 1493 910 1556 sine
929 1493 1070 1576 periculo
1085 1492 1237 1577 potueris,

284 1594 400 1660 divinae
428 1597 511 1678 legis
540 1606 677 1661 assertor
706 1597 820 1659 existe.
871 1596 956 1659 Satis
985 1595 1161 1659 humanum
1189 1604 1239 1656 est

285 1696 373 1780 quod
388 1697 461 1758 dico
480 1708 608 1778 propter
631 1697 848 1760 infirmitatem
869 1697 974 1759 carnis
989 1707 1115 1759 nostrae.
1153 1695 1236 1771 Quia

283 1797 347 1859 nisi
362 1795 418 1879 qui
432 1797 514 1875 legis
534 1797 713 1859 custodiam
727 1797 879 1878 periculis
899 1798 1046 1858 omnibus
1062 1799 1238 1879 anteponit,

283 1897 397 1961 salvari
412 1918 476 1960 non
497 1917 604 1979 posse,
620 1898 710 1960 testis
732 1909 781 1960 est
795 1898 907 1960 beatus
925 1898 1099 1978 apostolus,
1116 1909 1148 1960 et
1169 1909 1238 1963 tota

284 1998 398 2062 concio
413 1997 636 2079 perfectorum.
676 1997 798 2080 Scripsi
819 1995 943 2059 homini
956 2018 1014 2079 pro
1035 2017 1100 2080 quo
1115 1999 1234 2060 sollici-

282 2099 374 2162 tatis:
402 2111 434 2162 et
449 2098 544 2162 credo
560 2099 646 2183 quod
667 2100 794 2182 abipso
809 2119 866 2182 per
882 2101 1013 2162 latorem
1028 2101 1233 2183 praesentium

283 2199 324 2261 de
340 2210 422 2262 statu
438 2199 517 2283 ejus,
529 2201 585 2284 qui
601 2201 674 2264 Deo
690 2199 881 2284 propitiante
897 2201 1001 2264 bonus
1016 2213 1074 2279 est,
1089 2203 1234 2266 certiora·

282 2302 376 2364 beris.
425 2301 557 2364 Amicos
585 2313 710 2364 nostros
740 2303 843 2364 saluta
873 2301 1068 2383 diligentius,
1098 2324 1232 2386 quorum

280 2403 421 2476 nomina,
437 2402 521 2465 sicut
542 2402 668 2485 paginae
689 2402 858 2480 subducta,
873 2401 920 2466 sic
943 2405 1050 2469 animo
1070 2405 1233 2489 portitoris

281 2503 409 2568 confido
425 2504 645 2588 multiplicatis
661 2505 807 2589 precibus
822 2527 893 2570 esse
907 2508 1071 2590 impressa.

316 2825 545 2889 EPISTOLA.
570 2824 815 2890 exous-in
830 2844 1040 2889 nunnwmuu
1055 2843 1194 2888 aucum.

508 2946 734 2991 nxoumusmu.
783 2926 828 3005 [A.
845 2945 875 2989 n.
893 2928 1001 3008 llos]

445 3080 617 3143 Batdwtno
630 3082 811 3147 Econieuac'
826 3085 1059 3150 archidiacono.

321 3226 583 3288 Exrncmmonn
599 3222 694 3302 longa
708 3226 866 3306 suspensi,
881 3239 913 3289 et
927 3228 1129 3311 impatientia
1145 3229 1229 3293 desi·

281 3327 361 3404 derii
370 3323 660 3400 aestuantes,nuntii
668 3325 768 3387 nostri
777 3330 1041 3407 praestolabamur
1049 3330 1230 3406 adventum,

280 3439 444 3512 sperantes
458 3428 494 3490 in
507 3426 613 3489 reditu
626 3426 695 3510 ejus
709 3448 770 3489 nos
785 3429 959 3493 amicorum
975 3429 1141 3510 diligentia
1161 3432 1228 3495 fore

279 3530 328 3592 vel
352 3527 512 3591 literarum
535 3527 645 3589 solatio
668 3527 866 3591 recreandos.
917 3531 962 3592 Et
984 3529 1113 3614 quidem
1136 3552 1229 3595 secas

280 3630 411 3702 accidit,
424 3650 522 3710 quum
538 3628 591 3690 ille
605 3649 672 3689 non
686 3629 828 3693 retulerit
841 3630 908 3693 iota
919 3632 969 3694 vel
984 3633 1120 3714 apicem.
1159 3635 1230 3697 Nec

279 3734 340 3793 hoc
357 3730 502 3804 dicimus,
518 3744 554 3792 ut
568 3740 622 3791 aut
640 3730 782 3793 caritatis
804 3730 974 3811 defectum,
990 3744 1045 3796 aut
1066 3735 1229 3816 negligen-

279 3832 355 3896 tiam
371 3831 503 3893 velimus
524 3832 558 3891 in
580 3831 691 3894 amicis
713 3853 855 3913 arguere,
871 3855 952 3916 quos
973 3847 1063 3898 tanto
1083 3834 1229 3897 acerbius

279 3930 377 4014 affligi
392 3928 593 4014 conjicimus,
608 3944 727 4014 quanto
750 3933 856 3995 minus
877 3931 996 3995 audent
1018 3954 1093 3995 suas
1113 3952 1228 4013 angus-

278 4035 337 4098 tias
366 4032 539 4115 deplorare.
600 4029 860 4114 comprimuntur
897 4032 981 4093 enim
1020 4031 1228 4111 castigatione

278 4132 410 4213 cmdeli,
425 4154 594 4218 puerorum
610 4153 707 4209 more,
724 4153 806 4216 quos
826 4142 1056 4213 praeceptorum
1080 4133 1228 4195 severitas

277 4239 372 4317 cogit,
389 4249 424 4301 ut
444 4236 576 4300 eductas
598 4234 717 4297 doloris
739 4234 870 4315 impetu,
886 4243 918 4295 et
940 4243 1079 4295 extortas
1093 4235 1227 4297 verberi-

277 4341 337 4398 bus
362 4340 518 4420 lacrymas
544 4338 645 4401 redire
669 4335 788 4401 saciant
809 4336 841 4398 in
869 4336 973 4398 sinum
996 4338 1172 4415 oculorum,
1197 4348 1229 4400 et
