3034 5200
293 741 403 817 1168]
671 753 851 800 sersrona.
1183 742 1244 802 179

286 927 456 970 consensus
464 926 563 990 ponas
575 925 649 968 curn
666 904 784 990 impiis,
793 914 965 989 expectans
981 915 1014 968 et
1028 903 1095 989 ipse
1108 926 1242 990 regnum

287 1007 365 1072 Dei:
388 1007 473 1072 unde
489 1007 531 1070 ad
546 1028 618 1070 sam
633 1027 730 1092 quam
753 1015 810 1069 tuo
832 1005 956 1090 pridem
978 1006 1092 1070 merito
1115 1028 1242 1092 compa-

284 1109 369 1187 rasti,
392 1108 471 1173 mihi
494 1109 533 1174 ad
556 1117 589 1172 te
612 1107 776 1193 duplicata
797 1118 845 1170 est
868 1107 991 1184 caritas,
1015 1119 1162 1194 prompta
1186 1132 1242 1195 pro

283 1209 403 1277 viribus
431 1210 495 1276 tuis
524 1222 557 1275 et
585 1219 713 1276 tuorum
747 1208 857 1274 usibus
885 1209 1037 1276 inservire
1068 1223 1101 1274 et
1130 1234 1241 1296 parere

283 1315 450 1380 mandatis.
496 1301 620 1401 Utique
646 1336 707 1378 nec
730 1312 842 1378 diffido
866 1311 946 1376 mihi
969 1313 1241 1398 opportunitatem

282 1416 360 1493 fore,
377 1417 428 1482 cui
450 1415 559 1481 divina
580 1415 682 1500 gratia
703 1437 799 1501 supra
813 1426 847 1478 et
860 1427 971 1479 contra
986 1414 1101 1479 merita
1114 1438 1188 1479 mea
1208 1428 1242 1480 et

284 1518 365 1583 citra
385 1540 514 1603 operam
536 1517 710 1582 amicorum
732 1516 909 1581 necessaria
931 1516 1067 1582 contulit
1087 1517 1185 1583 etiam
1206 1518 1241 1583 in

285 1620 392 1699 exilio,
407 1620 524 1708 quibus
545 1643 672 1706 possum
693 1619 860 1684 commode
876 1621 1071 1686 necessarius
1094 1642 1162 1684 esse
1183 1622 1240 1686 do·

285 1722 380 1787 minis
395 1734 429 1788 et
442 1722 562 1804 amicis,
577 1722 680 1809 etqui
700 1721 786 1807 cepit
800 1721 960 1808 perficiet:
985 1722 1137 1810 qnoniam
1158 1721 1240 1787 sicut

283 1825 440 1911 praevenit
458 1839 532 1892 vota
548 1825 719 1911 justorum,
741 1823 799 1903 ita,
820 1847 859 1888 eo
881 1838 1021 1901 auctore,
1037 1823 1123 1911 quod
1146 1825 1240 1889 timet

283 1926 410 2012 impius,
433 1927 540 1993 veniet
566 1949 662 2012 super
686 1949 772 1991 eum.
818 1926 893 2012 Ipso
916 1948 1044 2012 quoque
1067 1935 1238 2012 praestante

284 2029 402 2114 poterit
416 2029 671 2116 archiepiscopus
686 2027 742 2115 qui
765 2027 849 2092 solus
864 2050 922 2114 pro
936 2027 1033 2093 totius
1050 2027 1240 2112 Anglicanae

283 2131 426 2196 ecclesiae
455 2133 556 2197 salute
590 2131 731 2211 dimicat,
767 2132 876 2195 amicis
905 2131 1048 2196 debiturn
1087 2146 1237 2218 praestare

283 2233 452 2299 solatium:
470 2233 547 2319 quia
556 2254 619 2317 pax
631 2231 771 2297 ecelesiae
782 2230 972 2296 reformatur
987 2230 1123 2297 contrito
1133 2232 1237 2318 capite

282 2333 459 2399 schismatis
475 2345 509 2398 et
529 2333 683 2398 lateribus
704 2332 774 2417 ejus
796 2332 1028 2398 collabentibus
1050 2334 1083 2397 in
1099 2333 1235 2400 ruinam.

286 2436 352 2502 Ora
367 2459 443 2520 ergo
465 2447 500 2501 et
520 2435 655 2501 sollicita
676 2434 789 2500 fratres
811 2445 893 2519 tuos,
914 2436 1076 2523 quiajam
1099 2458 1236 2523 espargo

284 2539 386 2605 factus
400 2550 449 2604 est
462 2537 615 2605 Christus.

288 2762 515 2828 EPISTOLA
538 2762 1070 2839 CCLXXI.-anwanun1.1nou
1085 2780 1225 2827 ancum.

487 2883 746 2932 nonwrcansum
798 2864 842 2944 [A.
859 2885 891 2928 n.
911 2865 1019 2945 1168]

411 2997 501 3061 Idem
522 3001 702 3063 Walcalnio
717 3000 903 3063 Norwicen.
918 3000 1104 3063 Archidiac.
1136 2976 1141 2985 ¹

327 3132 505 3193 Pnrnrrmr
535 3128 584 3191 vir
606 3128 812 3194 doctissimus
834 3144 866 3195 et
895 3130 1172 3217 eloquentissimus
1194 3156 1234 3197 ex

284 3230 384 3294 causis
396 3227 520 3292 dicendi
534 3228 718 3292 sumendam
735 3253 801 3294 esse
812 3231 968 3298 dictorum
981 3233 1233 3319 intelligentiam,

282 3354 356 3417 quae
370 3328 482 3414 regula
498 3327 522 3393 si
534 3329 567 3392 in
583 3352 725 3395 sermone
739 3354 811 3395 meo
820 3332 918 3397 fuerit
927 3357 946 3397 a
955 3336 1046 3399 vobis
1056 3336 1234 3416 observata,

282 3456 344 3497 non
360 3432 499 3519 putabor
508 3444 652 3518 quaestus
662 3436 767 3518 gratia
779 3434 895 3500 dixisse
907 3436 1073 3522 quippiam
1086 3437 1139 3500 cui
1149 3459 1234 3501 men-

282 3535 407 3600 dicandi
424 3548 488 3600 tam
505 3535 593 3600 deest
609 3536 776 3601 necessitas
791 3560 887 3623 quam
912 3537 1068 3601 voluntas.
1116 3535 1234 3601 Verum

282 3638 373 3703 dulce
387 3651 434 3702 est
450 3651 523 3723 post
538 3636 669 3703 exilium
691 3639 897 3723 quinquenne
917 3662 955 3701 eo
971 3660 1035 3723 quo
1054 3637 1122 3701 fieri
1139 3639 1234 3703 modo

279 3741 350 3806 licet
373 3763 446 3805 curn
470 3740 577 3806 amicis
600 3763 663 3803 non
686 3740 760 3804 visis
782 3764 807 3804 a
821 3740 923 3805 multo
943 3751 1085 3825 tempore
1104 3744 1232 3826 gratum

280 3842 513 3907 communicare
529 3864 715 3921 sermonem,
737 3854 769 3906 et
784 3844 857 3928 quis
872 3864 982 3906 eorum
1002 3856 1107 3908 status
1122 3847 1163 3909 sit
1178 3867 1233 3907 ex-

279 3946 413 4031 plorare.
458 3949 542 4010 Nam
578 3943 734 4007 calculum
769 3944 910 4009 fortunae
940 3968 1050 4010 eorum
1088 3945 1233 4029 excipere

280 4058 413 4128 paratus
427 4068 508 4122 sum,
524 4058 556 4110 et
572 4043 845 4132 opportunitatem
866 4045 1011 4109 desidero
1025 4041 1234 4128 obsequendi.

281 4149 351 4210 Nec
372 4146 482 4211 diffido
503 4170 560 4234 per
589 4144 724 4233 gratiam
749 4147 812 4211 Dei
834 4146 963 4230 quinio
986 4145 1076 4211 brevi
1098 4142 1235 4206 facultas

283 4245 446 4321 offeratur,
468 4270 569 4331 quum
594 4246 733 4311 ecclesiae
759 4266 871 4332 pacem
895 4246 973 4310 mihi
997 4245 1103 4309 videre
1125 4242 1234 4307 videar

284 4348 468 4424 accelerare,
498 4358 529 4413 et
558 4349 722 4414 dominum
755 4350 909 4418 Cantuar.
946 4361 978 4413 et
1004 4344 1238 4431 condiscipulos

727 4457 786 4514 ΝΩ
