3034 5200
300 687 409 767 llos]
680 712 862 757 anscote.
1197 709 1254 766 117

297 860 367 924 haec
391 860 513 926 domini
535 863 619 944 regis
642 865 823 945 benignitas
846 870 987 931 revocari
1008 881 1040 933 et
1061 873 1199 936 ecclesia
1220 875 1253 937 in

298 961 485 1027 anteriorem
522 964 621 1028 immo
658 966 849 1031 deteriorem
887 970 1007 1033 retrudi
1045 975 1252 1038 servitutem?

298 1065 378 1138 Quis
403 1067 488 1128 euim
514 1066 645 1130 auderet
671 1066 711 1130 de
740 1080 855 1132 caetero
880 1073 1076 1153 proclamare
1097 1075 1130 1137 iu
1156 1077 1251 1140 liber-

297 1169 416 1230 tatem?
455 1169 536 1239 Quis
566 1190 696 1232 causam
723 1171 875 1234 suscitare
900 1171 933 1233 in
961 1194 1026 1254 qua
1049 1185 1081 1236 et
1103 1196 1162 1258 pro
1188 1200 1252 1261 qua

297 1271 495 1334 meminisset
524 1281 648 1333 tantum
674 1272 831 1334 cecidisse
860 1273 1069 1356 pontificem?
1107 1279 1180 1342 Alia
1203 1290 1252 1344 est

299 1393 376 1451 ergo
393 1374 565 1456 quaerenda
579 1373 630 1435 via
643 1373 818 1437 libertatis:
842 1373 929 1436 aliud
949 1374 1119 1440 consilium
1135 1383 1252 1463 poterit

297 1474 409 1538 amicis
433 1474 597 1538 iutimare:
631 1475 714 1538 etsi
741 1475 808 1537 vult
832 1477 972 1559 experiri
997 1478 1033 1539 in
1058 1481 1186 1563 seipso
1210 1504 1251 1545 au

297 1575 444 1640 ecclesiae
460 1586 494 1639 et
508 1576 714 1660 episcopatus
737 1577 787 1638 sui
804 1575 850 1639 sic
867 1578 969 1660 possit
990 1578 1144 1644 redimere
1159 1584 1252 1646 liber-

297 1686 416 1738 tatem:
448 1676 523 1759 quia
545 1687 640 1759 prout
661 1698 681 1740 a
700 1676 987 1742 Cautuariensibus
1013 1681 1125 1756 didici,
1152 1685 1253 1747 archi·

298 1777 470 1860 episcopus
484 1775 560 1839 huic
577 1778 712 1840 consilio
728 1800 793 1840 non
814 1780 1008 1861 acquiescet,
1023 1802 1129 1865 neque
1145 1784 1253 1868 aliqua

296 1878 507 1961 promissione
544 1900 579 1942 se
616 1877 726 1942 deludi
759 1881 910 1963 patietur,
940 1893 975 1945 ut
1004 1894 1059 1945 aut
1095 1898 1252 1968 permutet

297 1982 529 2065 episcopatum,
552 1982 637 2044 sicut
660 1981 760 2064 aliqui
783 1982 965 2058 moliuntur,
992 1996 1047 2047 aut
1077 1984 1211 2050 desistat
1233 2011 1252 2051 a

295 2086 544 2169 persequutione
559 2083 642 2166 juris
657 2084 717 2160 sui,
733 2094 789 2146 aut
809 2104 923 2165 pacem
938 2084 1034 2148 faciat
1048 2091 1252 2154 manentibus

296 2187 581 2250 consuetudinibus
604 2207 702 2269 super
725 2187 843 2269 quibus
866 2189 1082 2251 controversia
1102 2202 1171 2254 orta
1193 2204 1252 2255 est.

296 2289 379 2352 Haec
401 2289 524 2352 idcirco
550 2288 609 2350 tibi
634 2287 830 2370 transcripsi,
854 2298 900 2363 ut,
926 2287 954 2350 si
980 2293 1251 2372 opportunitatem

295 2390 422 2468 rideris,
433 2389 629 2473 persuadeas
644 2401 816 2451 memorato
830 2388 960 2452 domino
972 2401 1081 2454 nostro
1093 2404 1125 2456 et
1136 2394 1252 2473 amico,

296 2501 332 2554 ut
347 2492 373 2554 si
389 2491 419 2554 ei
433 2513 483 2554 res
498 2490 578 2553 tanti
601 2493 758 2567 cathano
783 2490 1001 2572 suspicionem
1024 2515 1162 2576 purgare
1184 2517 1252 2558 non

296 2592 446 2675 negligat.
501 2593 622 2655 Omnes
655 2590 741 2654 enim
772 2592 827 2675 qui
863 2614 990 2656 mecum
1019 2597 1152 2659 verbum
1188 2597 1251 2661 hoc

296 2694 467 2758 audierunt
482 2694 643 2776 compassi
658 2705 732 2757 sunt
747 2708 821 2755 ante
837 2705 917 2756 actae
932 2694 1004 2757 vitae
1019 2695 1087 2778 ejus
1102 2708 1135 2760 et
1150 2698 1251 2761 famae.

295 2799 370 2881 lpse
397 2820 471 2860 vero
501 2796 741 2861 cantuariensis
771 2805 935 2859 narrantes
964 2796 1115 2870 inhibuit,
1140 2796 1251 2861 dicens

293 2900 472 2964 rumoribus
484 2899 571 2963 credi
581 2920 647 2961 non
658 2909 813 2981 oportere,
825 2897 998 2980 praesertim
1011 2919 1110 2981 quum
1120 2899 1251 2962 verbum

295 3013 384 3065 tanto
408 3002 448 3063 sit
469 3001 639 3080 indignum
654 3000 733 3062 viro.
780 2999 857 3062 Scio
877 3009 984 3061 tamen
1005 2999 1093 3083 quod
1107 3000 1251 3083 aliquan-

295 3105 397 3166 tulum
420 3113 526 3164 motus
549 3102 617 3176 suit,
633 3101 690 3164 sed
712 3113 748 3162 ut
768 3100 865 3162 bomo
887 3101 1029 3183 prudens
1050 3104 1150 3183 gessit
1171 3114 1250 3167 tem-

295 3201 366 3285 pori
381 3223 510 3264 morem.
555 3201 689 3264 Videbis
704 3222 747 3263 ex
763 3201 913 3284 rescripto
933 3201 1106 3266 litterarum
1128 3204 1250 3269 domini

294 3303 493 3389 papae,unde
502 3304 849 3386 postcomminationes
859 3306 976 3367 multas
987 3305 1250 3391 archiepiscopus

293 3408 399 3475 Lund.
430 3406 615 3489 episcopum
646 3404 886 3469 denunciaverit
911 3409 1245 3476 excommunicatum:

292 3525 324 3577 et
347 3529 444 3596 quare
467 3509 538 3570 illos
561 3528 643 3591 quos
665 3507 837 3590 episcopus
860 3506 963 3569 sancti
978 3508 1090 3589 Asaph
1112 3510 1247 3573 circum-

292 3626 403 3679 ventus
418 3608 632 3694 imprudenter
647 3609 785 3672 absolvit
806 3607 1104 3671 excommunicatos
1120 3610 1248 3689 habeat,

292 3717 395 3781 donec
420 3712 517 3797 juxta
545 3710 731 3774 mandatum
762 3709 885 3773 domiui
920 3728 1013 3791 papae
1043 3709 1246 3775 satisdaciant.

290 3820 335 3881 Et
357 3816 434 3901 quia
456 3812 635 3876 cardinales
657 3811 720 3894 ipsi
742 3812 825 3873 fines
851 3808 993 3872 mandati
1016 3809 1247 3887 dignoscuntur

290 3917 477 3993 excessisse,
494 3914 663 3977 consilium
684 3934 794 3975 eorum
810 3912 850 3976 de
864 3912 987 3995 reliquo
1004 3912 1111 3975 minus
1127 3914 1243 3975 audiet.

291 4023 376 4085 Nam
399 4016 571 4103 judicandi
601 4014 641 4077 de
673 4036 724 4092 eo,
752 4014 817 4078 nisi
840 4015 926 4090 velit,
954 4037 1020 4077 non
1050 4023 1245 4090 acceperunt

290 4125 427 4206 aliquam
443 4129 641 4204 potestatem.
686 4116 783 4188 Quod
802 4117 1045 4197 Wigornensem
1061 4109 1148 4170 volui
1163 4131 1244 4189 prae-

289 4218 539 4304 muniri‚prodiit
549 4239 592 4280 ex
600 4217 694 4300 adipe
704 4215 1018 4297 caritatisetquoties
1028 4217 1244 4291 opportunum

290 4322 393 4398 suerit,
408 4321 521 4384 honori
536 4319 606 4402 ejus
618 4320 757 4382 libenter
772 4337 901 4398 operam
915 4312 1011 4376 dabo,
