3034 5200
271 720 391 800 lita]
658 734 834 782 aersrona.
1168 722 1231 784 273

279 889 473 968 effuderunt,
482 901 513 952 et
529 888 643 952 iterum
657 887 780 949 adeum
797 889 910 950 reversi
922 899 1006 965 sunt,
1021 893 1232 953 communica-

278 1003 401 1067 verant,
423 989 515 1056 inviti
532 1003 648 1066 tamen,
665 988 718 1052 sed
736 987 865 1050 domino
885 1011 955 1062 suo,
972 1011 1068 1074 quem
1084 1001 1121 1052 ut
1137 991 1233 1055 abba-

205 1116 207 1124 ‘
280 1105 342 1156 tem
367 1091 611 1166 venerabantur,
635 1104 667 1154 et
690 1089 845 1154 timebant
871 1102 907 1153 ut
929 1090 1116 1155 familiarem
1138 1091 1233 1175 regis,

279 1192 395 1256 eisdem
412 1192 516 1278 palam
540 1191 787 1255 communicanti
811 1190 953 1255 resistere
976 1213 1038 1254 non
1061 1191 1232 1256 audebant.

283 1295 349 1358 Nos
371 1307 490 1371 autem,
518 1305 686 1380 pensantes
710 1292 914 1356 contritiones
939 1292 1043 1355 cordis
1067 1315 1175 1355 eorum
1202 1306 1233 1356 et

280 1394 475 1458 necessitatis
489 1392 650 1468 articulos,
661 1405 693 1454 et
710 1391 749 1454 de
763 1405 867 1455 vestra
878 1391 1009 1476 quidem
1021 1393 1236 1456 misericordia

282 1509 520 1583 praesumentes,
543 1495 621 1579 ipsis
648 1493 679 1557 in
707 1492 935 1556 sustentatione
961 1492 1098 1556 ecclesiae
1122 1507 1235 1556 vestrae

285 1595 440 1661 modicam
467 1594 663 1682 injunximus
693 1593 926 1680 poenitentiam,
952 1609 984 1658 et
1016 1618 1113 1680 quam
1144 1593 1236 1660 licuit

284 1698 408 1764 interim
424 1697 618 1762 contulimus
630 1695 873 1775 absolutionem,
887 1710 1034 1781 rogantes
1046 1709 1083 1760 ut
1094 1697 1120 1760 si
1132 1697 1236 1781 placet

205 1790 208 1796 ’
235 1785 237 1788 l
284 1799 496 1885 praescribatis
519 1796 596 1881 quid
620 1797 664 1860 eis
689 1797 828 1882 amplius
850 1798 1081 1882 injungendum
1107 1798 1156 1862 sit.
1203 1798 1236 1863 si

284 1900 412 1986 quidem
428 1903 594 1963 necessitas
609 1899 757 1975 ecclesiae,
770 1912 803 1963 et
818 1899 966 1963 meritum
979 1899 1127 1984 martyris
1142 1900 1236 1962 vehe-

256 2040 260 2051 =
285 2014 406 2069 menter
420 2000 575 2088 exposcit,
593 2014 628 2064 ut
644 2015 708 2064 tam
725 2000 827 2065 sicarii
842 2001 899 2086 qui
918 2001 1091 2087 pretiosum
1109 2002 1237 2087 sangui-

285 2127 355 2167 nem
380 2103 574 2176 effuderuut,
601 2125 697 2187 quam
722 2102 890 2187 complices
914 2115 944 2166 et
967 2103 1109 2168 fautores
1129 2127 1237 2168 eorum

285 2207 414 2292 gravius
444 2206 627 2292 puniantur,
661 2216 695 2269 ut
724 2204 851 2267 illorum
882 2227 976 2289 poena
1005 2217 1121 2269 terreat
1151 2206 1238 2269 alios

288 2311 361 2372 Hoc
375 2321 482 2372 autem
494 2307 714 2370 indubitanter
725 2306 848 2369 noverit
864 2307 1015 2370 serenitas
1031 2320 1136 2372 vestra
1152 2307 1239 2394 quod

288 2410 482 2494 quicumque
498 2408 573 2471 huic
588 2407 790 2470 reformando
804 2430 930 2492 operam
948 2407 1084 2486 dederit,
1095 2410 1241 2474 inimicus

291 2513 353 2574 Dei
368 2524 399 2574 et
414 2509 552 2574 ecclesiae
568 2510 736 2573 subversor
751 2508 899 2572 credetur
909 2509 942 2572 in
957 2510 1073 2574 nostris
1084 2513 1239 2594 partibus.

317 2834 546 2899 EPI-STOLA
570 2833 809 2899 CCCXl—-au
824 2852 976 2897 unuuuu.
997 2836 1081 2914 [an.
1102 2835 1209 2915 lua]

549 2968 691 3031 Domino
707 2968 810 3049 Pupae
823 2968 974 3031 loannes.

335 3106 365 3165 A
378 3121 512 3165 rmlBUs
525 3113 617 3166 terrae
627 3100 668 3163 ad
680 3122 735 3164 vos
744 3100 859 3165 clamat
868 3101 1043 3186 Anglicana
1053 3102 1192 3176 ecclesia,
1205 3116 1240 3168 ut

294 3200 482 3267 miserabilis
503 3199 589 3266 illius
612 3200 762 3277 ecclesiae,
777 3224 852 3286 quae
874 3224 941 3288 prae
956 3204 1079 3266 caeteris
1096 3204 1244 3269 omnibus

292 3309 324 3370 iu
348 3302 494 3390 partibus
516 3301 687 3365 occidentis
709 3302 845 3365 fundata
868 3317 899 3367 et
922 3303 1057 3369 solidata
1079 3304 1109 3369 in
1131 3316 1272 3371 cruore‘

293 3418 467 3489 martyrum
484 3403 581 3467 crevit
596 3416 626 3467 et
644 3402 775 3467 dilatata
786 3417 832 3467 est
847 3403 879 3466 in
897 3404 990 3468 variis
999 3407 1155 3490 agonibus
1170 3431 1243 3471 con·

290 3507 459 3579 fessorum,
475 3504 626 3566 minuatis
641 3502 813 3587 angustias,
829 3516 861 3567 et
876 3503 1011 3568 electum
1027 3529 1130 3587 suum,
1146 3530 1241 3591 quem

293 3610 470 3693 legatorum
502 3617 676 3669 vestrorum
709 3615 900 3689 procurante
929 3604 1087 3667 industria
1117 3608 1243 3671 tandem

257 3750 260 3755 -
296 3709 444 3788 obtinuit,
463 3707 614 3793 jubeatis,
634 3718 764 3792 accepta
779 3708 1009 3770 consecratione
1024 3706 1130 3791 vigere
1146 3708 1245 3793 pleni-

294 3813 405 3876 tudine
425 3810 603 3895 potcstatis.
649 3811 768 3871 Petunt
791 3808 850 3871 boc
873 3807 1013 3893 episcopi
1038 3820 1070 3871 et
1092 3808 1243 3873 abbates:

296 3915 376 3999 petit
392 3911 491 3975 clerus
506 3922 537 3973 et
553 3909 703 3995 populus,
726 3933 862 3996 quorum
880 3910 961 3974 votis
976 3923 1007 3974 et
1023 3910 1153 3975 vocibus
1168 3934 1246 3977 meae

294 4014 461 4101 parvitatis
476 4035 538 4075 non
554 4024 601 4075 est
619 4012 667 4074 fas
682 4011 790 4075 abesse
813 4011 1008 4095 suffragium.
1053 4016 1099 4077 Et
1117 4012 1245 4097 quidem

297 4114 458 4178 electionis
478 4135 544 4175 suae
564 4112 697 4176 formam
712 4113 781 4196 ipsa
802 4124 903 4177 mater
918 4136 987 4175 mea
1004 4114 1096 4177 Cant.
1120 4111 1249 4174 ecclesia

298 4213 411 4278 litteris
425 4212 489 4276 suis
505 4212 592 4275 vobis
607 4211 788 4276 luculenter
809 4216 974 4299 expressit,
989 4235 1063 4297 quae
1084 4227 1148 4275 tarn
1165 4215 1247 4295 epis-

299 4314 452 4400 coporum
468 4335 564 4399 quam
585 4335 693 4375 eorum
710 4313 765 4397 qui
786 4314 828 4376 ad
851 4313 1028 4379 vacantium
1051 4313 1249 4377 ecclesiarum

351 4436 422 4481 von.
440 4435 477 4478 11.
778 4435 798 4477 T
