3034 5200
278 717 342 775 ‘ast
532 737 668 782 Joassrs
684 738 964 783 saussnaaressrs
1147 724 1192 802 [a.
1211 745 1244 788 n.

279 880 391 946 sedem
418 885 626 969 provinciales
640 887 779 972 episcopi
795 889 836 951 de
852 910 940 952 more
963 903 1192 968 convenerunt,
1208 905 1246 956 ut

280 1006 318 1046 ex
339 985 446 1051 officio
469 1013 526 1054 suo
548 1011 664 1052 munus
687 990 931 1054 consecrationis
953 1014 1050 1077 quam
1075 994 1246 1058 necessitas

279 1086 436 1169 exigebat
459 1093 634 1178 explerent.
682 1091 747 1155 Sed
773 1093 848 1178 quia
876 1093 975 1159 hostis
998 1096 1150 1181 antiquus
1171 1119 1248 1181 pro-

280 1188 381 1252 fectui
413 1192 538 1260 invidet
570 1193 757 1270 animarum,
789 1217 828 1258 eo
857 1209 894 1259 ut
922 1197 1032 1262 multis
1061 1198 1163 1262 visum
1193 1209 1244 1263 est

279 1290 492 1363 machinante
516 1321 555 1363 ex
581 1297 740 1381 insperato
762 1297 878 1361 litterae
904 1300 987 1383 regis
1007 1300 1143 1384 junioris
1166 1323 1244 1364 con-

280 1405 387 1479 ceptas
403 1402 547 1480 nornine,
563 1403 595 1465 in
612 1400 752 1464 medium
776 1400 972 1485 prodierunt,
989 1403 1106 1488 quibus
1120 1414 1245 1488 protes-

281 1496 415 1563 tabatur
430 1525 466 1567 se
481 1505 522 1569 ad
538 1516 671 1569 vestram
692 1502 887 1566 audientiam
903 1504 1077 1589 appellasse
1093 1505 1244 1568 adversus

281 1597 461 1669 electiones
482 1631 554 1694 quae
577 1628 668 1671 suum
689 1627 751 1668 uon
776 1603 956 1668 habuerunt
976 1628 1148 1670 assensum.
1198 1606 1244 1671 Et

282 1705 360 1772 licet
383 1703 490 1775 literae
507 1734 545 1776 ex
562 1709 652 1774 variis
672 1707 785 1784 causis,
801 1730 880 1793 quas
900 1709 1086 1772 renunciare
1108 1711 1241 1793 longum

283 1817 343 1880 etl,
367 1825 529 1896 suspectae
555 1813 749 1886 viderentur,
777 1822 810 1874 et
832 1812 1038 1896 plurimorum
1066 1824 1150 1875 esset
1170 1834 1245 1875 seu·

282 1907 386 1981 tentia
413 1935 468 1981 aas
495 1915 720 1982 consecrationi
747 1913 865 1977 debitae
889 1914 1065 2001 praesertim
1091 1914 1124 1976 in
1151 1925 1243 1978 tauta

285 2012 479 2081 necessitate
503 2040 565 2081 non
585 2015 702 2080 debere
722 2036 874 2097 generare
897 2014 1111 2099 dispendium,
1131 2028 1242 2078 tamen

285 2112 448 2197 majestati
465 2131 577 2183 vestrae
593 2116 715 2181 censuit
730 2114 863 2178 ecclesia
878 2116 1099 2192 deferendum,
1112 2139 1242 2201 sperans

286 2215 509 2288 indubitanter
537 2218 622 2306 quod
658 2229 747 2280 tanto
780 2218 865 2302 apud
896 2219 1100 2304 apostolicam
1129 2220 1240 2283 sedem

287 2318 442 2404 majorem
459 2320 600 2386 inveniet
621 2321 767 2404 gratiam,
781 2330 901 2405 quanto
923 2321 953 2385 ei
976 2322 1047 2407 plus
1064 2321 1191 2385 honoris
1206 2332 1240 2386 et

288 2423 477 2492 reverentiae
493 2425 677 2489 etiam·cum
700 2423 882 2488 discrimine
897 2448 954 2488 suo
968 2425 1001 2488 in
1016 2437 1082 2488 tam
1099 2424 1241 2488 evidenti

289 2524 477 2593 necessitate
507 2527 629 2591 studuit
654 2525 817 2590 humiliter
841 2527 1005 2592 exhibere.
1052 2526 1139 2602 Quia
1164 2549 1241 2612 ergo

289 2626 517 2695 desolationem
530 2629 672 2694 ecclesiae
684 2630 882 2716 praeteudere
893 2630 977 2693 idem
991 2642 1039 2694 est
1049 2653 1087 2694 ac
1101 2631 1128 2694 si
1143 2630 1242 2716 ipsius

290 2732 383 2797 ruina
406 2743 439 2797 et
465 2747 651 2797 craterarum
683 2744 836 2818 perpetua
864 2733 1017 2797 desolatio
1043 2744 1241 2819 procuretur,

291 2833 417 2921 pietatis
427 2850 539 2899 vestrae
549 2835 848 2921 pedibusprovoluti
858 2835 1072 2922 supplicamus
1081 2835 1245 2917 attentius,

292 2936 441 3024 quatinus
465 2961 522 3003 nos
547 2949 579 3001 et
608 2939 817 3023 Anglicanam
846 2938 1012 3003 ecclesiam
1039 2938 1164 3001 coelitus
1192 2944 1244 3021 (ut

291 3063 362 3125 spes
386 3047 444 3125 est)
471 3040 574 3105 electo
599 3053 723 3128 pastore
749 3041 889 3125 gaudere
915 3041 1047 3118 faciatis,
1070 3052 1104 3104 et
1132 3054 1241 3105 sancto

294 3142 430 3206 Thomae
455 3142 651 3207 substituatis
673 3142 787 3221 virum,
812 3163 908 3228 quem
937 3144 970 3206 in
1000 3144 1152 3227 angustiis
1179 3144 1242 3207 suis

291 3244 419 3308 fidelem
442 3257 590 3329 expertus
612 3258 669 3309 est.
718 3244 872 3307 Moveant
887 3268 951 3321 vos,
974 3258 1075 3331 pater,
1097 3246 1240 3310 ecclesiae

291 3344 462 3409 laborantis
477 3344 643 3424 angustiae,
660 3344 797 3407 filiorum
819 3359 968 3411 moveant
983 3370 1103 3433 preces,
1119 3360 1243 3412 moveat

292 3466 345 3509 vos
358 3440 571 3527 gloriosissimi
586 3444 730 3527 martyris
746 3448 932 3520 reverentia,
949 3471 1045 3532 quem
1062 3471 1151 3512 orare
1167 3471 1244 3511 con·

292 3545 428 3622 fidimus,
440 3554 474 3607 ut
488 3542 518 3606 ei
533 3542 565 3606 in
581 3555 689 3607 sancta
700 3544 921 3609 Cantuariensi
933 3549 1067 3611 ecclesia
1082 3571 1243 3613 successor

292 3652 424 3717 idoneus
439 3648 635 3733 subrogetur.

371 3893 592 3957 EPISTOLA
615 3891 974 3956 cottila—parens
990 3910 1031 3953 ar
1048 3910 1143 3954 conr.

447 4012 610 4057 cannula.
626 4012 669 4055 so
685 4010 839 4053 suanum.
872 3992 916 4072 [a.
928 4009 959 4054 n.
980 3992 1086 4071 lira]

341 4129 480 4192 Domino
491 4150 585 4210 pope
597 4131 690 4209 prior
707 4128 956 4190 Contucciertsis
970 4136 1002 4189 et
1016 4137 1198 4192 conventus.

338 4249 406 4311 Eos
422 4246 512 4310 vobis
535 4244 674 4308 securius
697 4244 964 4323 commendamus
987 4267 1068 4328 quos
1090 4244 1241 4308 sincerius

294 4348 468 4433 diligimus,
491 4361 521 4411 et
545 4370 625 4431 quos
648 4346 688 4409 ad
716 4362 854 4410 sanctam
881 4347 1056 4409 Romanam
1079 4346 1238 4411 ecclesiam
