3034 5200
302 745 365 804 ‘236
570 756 706 802 romnus
721 755 998 801 sannsannrarvsrs
1157 737 1201 815 [s.
1218 756 1251 800 u.

303 909 462 972 Praeterea
482 906 649 971 desiderat
672 917 707 969 ut
733 928 800 970 suae
825 905 1001 969 reddantur
1025 906 1192 971 Auxitano
1218 921 1250 971 et

302 1008 543 1094 Burdegalensi‚
558 1009 633 1094 quia
652 1022 684 1072 et
700 1030 803 1072 causae
818 1006 968 1092 prodesse
983 1007 1112 1093 poterit,
1128 1020 1160 1072 et
1181 1030 1252 1091 per·

302 1110 481 1194 sequutoris
501 1113 642 1174 minuere
666 1108 756 1187 vires,
781 1107 807 1171 si
832 1108 862 1170 in
893 1109 1074 1172 Guasconia
1103 1108 1250 1172 auditum

300 1210 397 1274 fuerit
413 1224 529 1275 terram
544 1212 613 1296 ejus
627 1210 799 1274 interdicto
810 1209 1037 1294 subjiciendam
1051 1232 1128 1273 esse.
1163 1210 1250 1274 Nam

300 1311 340 1374 ad
355 1310 755 1397 Bituricensem,quicquid
768 1309 808 1373 de
816 1311 939 1394 guerris
948 1311 1250 1395 contingat‚semper

299 1412 419 1478 facilior
447 1413 655 1499 probabiliter
684 1425 831 1498 speratur
860 1434 1013 1476 accessus.
1064 1413 1109 1476 Et
1140 1411 1250 1474 memi-

299 1515 410 1580 neritis
440 1529 596 1598 quantum
626 1513 803 1600 periculum
833 1523 865 1575 et
898 1512 1110 1577 infortunium
1140 1510 1180 1574 ad
1218 1535 1251 1575 se

301 1616 433 1679 traxerit
452 1638 539 1680 mora
553 1614 739 1701 porrigendi
751 1603 1004 1678 conventionales
1016 1613 1251 1698 archiepiscopo

300 1716 551 1800 Rotbomagensi
573 1715 599 1778 ei
624 1714 774 1801 episcopo
798 1712 1001 1789 Nivernensi‚
1024 1729 1057 1779 et
1079 1715 1155 1778 item
1178 1737 1250 1800 pro·

299 1815 466 1879 bibitorias
481 1815 675 1878 Eboracensi
690 1815 925 1900 archiepiscopo
940 1830 972 1880 et
987 1816 1140 1901 episcopis
1152 1829 1250 1880 trans-

299 1916 438 1982 marinis.
484 1915 553 1980 Nec
575 1916 720 1981 dixeritis
742 1940 817 2003 quae
838 1930 1053 2001 provenerunt
1076 1917 1165 1980 vobis
1188 1938 1250 1980 non

299 2018 398 2083 fuisse
408 2018 570 2103 praedicta,
581 2018 634 2081 sed
645 2018 752 2102 potius
764 2019 850 2103 quod
863 2021 1004 2083 omnium
1015 2017 1250 2101 auspicantium

299 2140 397 2196 more,
414 2118 618 2183 subtilitatem
635 2130 772 2181 vestram
787 2117 936 2182 vaticinia
958 2140 1031 2201 quae
1049 2140 1110 2180 non
1127 2133 1217 2183 erant
1232 2143 1252 2183 a

299 2217 412 2302 spiritu
447 2216 643 2281 deluserunt.
710 2221 843 2283 Utinam
880 2241 942 2281 non
978 2218 1019 2282 sit
1054 2216 1248 2304 deceptionis

299 2319 397 2405 hujus
411 2319 542 2384 morbus
563 2318 797 2405 irreparabilis:
821 2320 877 2384 sed
892 2320 953 2384 nisi
970 2320 1098 2384 coelitns
1120 2320 1193 2386 data
1208 2321 1248 2384 sit

299 2421 449 2486 relevatio
478 2444 532 2486 seu
556 2420 728 2486 consolatio
750 2444 813 2485 non
835 2421 983 2486 occurrit.
1044 2423 1089 2486 Et
1120 2423 1248 2508 quidem

299 2537 395 2604 recte,
422 2536 458 2589 ut
485 2522 633 2602 arbitror,
650 2546 750 2609 quum
767 2547 825 2588 nos
848 2524 942 2590 alieni
965 2523 1082 2610 ingenii
1097 2523 1251 2611 imagina-

299 2624 442 2692 tionibus
456 2625 545 2689 vanis
559 2646 826 2710 praesumeremus
840 2625 984 2689 evolvere
999 2624 1102 2689 cordis
1117 2624 1249 2689 humani

298 2726 446 2801 latebras,
463 2749 596 2815 quarum
613 2725 699 2790 solus
710 2726 801 2790 Deus
810 2727 928 2791 arbiter
939 2740 996 2791 est.
1042 2726 1127 2802 Quid
1140 2749 1249 2811 quaeso

298 2834 399 2916 magis
415 2829 625 2903 temerarium,
640 2841 697 2892 aut
720 2828 753 2890 iu
778 2829 895 2905 Deum,
920 2826 977 2912 qui
993 2825 1054 2889 hoc
1077 2826 1248 2910 singularis

298 2931 477 2995 eminentiae
492 2928 658 3015 privilegio
680 2927 839 3004 vendicat,
855 2928 1040 3013 injuriosius
1055 2938 1103 2990 est
1119 2931 1133 2990 ?
1164 2931 1246 2991 Nam

298 3058 331 3098 se
346 3035 450 3120 ipsum
465 3056 568 3110 nosse,
584 3036 679 3097 etiam
695 3030 853 3118 Apollinis
867 3031 996 3094 oraculo
1012 3052 1168 3095 summam
1183 3054 1249 3095 esse

298 3134 485 3218 sapientiam
507 3134 587 3197 adeo
607 3132 739 3198 celebris
762 3146 809 3198 est
832 3135 988 3197 sententia
1003 3132 1097 3219 vapud
1113 3131 1250 3217 philoso-

297 3233 389 3317 phos,
405 3247 441 3298 ut
464 3235 492 3297 ei
514 3258 608 3298 nemo
635 3248 777 3299 veterum
802 3259 900 3300 ausus
925 3236 966 3299 sit
992 3235 1154 3319 refragari.
1199 3238 1250 3299 De

296 3331 377 3395 coelo
395 3337 421 3397 si
444 3334 574 3418 quidem
595 3336 645 3415 (ut
665 3336 771 3416 aiunt)
788 3335 951 3401 descendit
976 3336 1059 3421 γνῶθι
1074 3336 1200 3411 σεαυτὸν,
1217 3334 1251 3398 id

300 3446 346 3497 est
373 3433 460 3495 Scito
491 3444 523 3495 te
545 3433 660 3517 ipsum.
707 3434 791 3510 Quia
812 3458 890 3519 ergo
912 3435 964 3497 hic
986 3436 1123 3500 humana
1145 3435 1252 3500 deficit

297 3548 329 3600 et
344 3533 487 3619 angelica
501 3546 630 3598 eatenus
655 3556 716 3597 non
744 3535 886 3619 attingit,
916 3535 982 3598 sola
1008 3536 1069 3601 Dei
1095 3536 1250 3621 sapientia

296 3650 434 3724 estquae
450 3635 578 3701 consilia
593 3648 624 3700 et
646 3635 864 3720 cogitationes¹
878 3636 1043 3700 hominum
1059 3659 1121 3699 non
1136 3637 1249 3722 imagi·

297 3744 425 3814 natione
439 3737 609 3803 fantastica
621 3738 749 3825 conjicit
766 3738 819 3803 sed
831 3739 913 3803 sicut
925 3751 1000 3803 sunt
1016 3760 1247 3824 usquequaque

296 3840 467 3923 cognoscit.
512 3839 679 3905 Vaticiniis
695 3864 771 3926 ergo
787 3841 1010 3905 renunciemus
1026 3844 1057 3905 in
1073 3858 1248 3926 posterum,

295 3945 373 4026 quia
388 3965 445 4007 nos
464 3945 496 4006 in
513 3941 571 4005 bac
589 3956 680 4026 parte
701 3946 832 4028 gravius
842 3944 1016 4008 infortunia
1030 3941 1246 4028 perculerunt.

297 4043 358 4121 Qui
373 4044 468 4108 corda
483 4044 588 4124 finxit,
602 4042 657 4107 illa
666 4044 842 4109 examinet:
871 4067 928 4108 nos
939 4044 1017 4129 quid
1032 4044 1118 4109 domi
1130 4058 1247 4109 nostrae

296 4144 336 4209 sit
352 4145 560 4231 exploremus.
