3034 5200
293 701 333 759 76
563 711 995 758 Joauurssuuusnaarrusrs
1148 694 1193 774 [a.
1210 696 1242 756 u'.

291 887 430 949 cumque
453 864 597 928 utilitatis
618 875 776 948 praetextu
798 873 971 927 creaturam
996 865 1131 927 creatori
1161 886 1243 947 prae·

287 988 418 1050 ponere,
448 967 532 1029 sicut
560 967 673 1029 beatus
704 964 800 1028 docet
822 966 996 1047 apostolus.
1040 967 1131 1028 Mala
1153 965 1239 1027 enim

288 1065 435 1130 facienda
448 1086 514 1128 non
530 1077 615 1140 sunt,
629 1076 665 1128 ut
675 1065 863 1148 proveniant
874 1067 970 1140 bona,
984 1086 1046 1128 nec
1059 1065 1137 1128 licet
1145 1066 1241 1127 alicui

289 1167 472 1249 dispensare
496 1178 608 1229 contra
628 1176 826 1250 praeceptum
849 1165 993 1244 Domini,
1016 1164 1103 1248 quod
1118 1165 1152 1225 in
1168 1166 1240 1244 lege

288 1269 338 1332 rel
353 1268 520 1348 evangelio
543 1280 731 1351 perpetuam
761 1268 858 1330 habet
880 1287 1020 1329 causam.
1067 1268 1112 1329 Ut
1135 1277 1240 1328 autem

287 1370 366 1433 mihi
380 1370 510 1453 possitis
525 1367 724 1433 commodius
734 1366 912 1449 providere,
921 1377 957 1429 ut
967 1367 1086 1428 clamor
1095 1366 1242 1449 pauperis

286 1472 422 1535 introeat
450 1472 485 1533 in
507 1492 599 1534 aures
621 1480 751 1547 vestras,
781 1478 911 1552 quartus
941 1469 1033 1530 exilii
1055 1470 1116 1531 mei
1139 1490 1241 1532 annus

289 1574 418 1656 elapsus
433 1582 492 1652 est,
515 1593 613 1656 quum
637 1582 742 1635 tamen
759 1570 889 1633 domino
904 1571 970 1651 regi
985 1591 1043 1654 per
1065 1593 1115 1634 me
1138 1582 1171 1634 et
1186 1593 1243 1654 per

290 1675 370 1737 alios
384 1696 470 1757 saepe
481 1674 660 1751 obtulerim,
676 1672 765 1754 quod
775 1673 851 1735 licet
861 1672 1060 1735 conscientia
1073 1683 1165 1752 teste,
1175 1696 1240 1737 non

289 1776 454 1838 meruerim
477 1775 553 1836 iram
578 1774 659 1856 ejus,
681 1783 788 1836 tamen
810 1793 867 1855 pro
898 1774 1116 1857 recuperanda
1142 1777 1242 1857 gratia

287 1876 367 1959 ejus,
382 1875 519 1937 libenter
530 1874 667 1937 facerem
683 1872 838 1957 quicquid
853 1874 882 1936 ei
898 1874 1049 1957 placeret,
1060 1877 1148 1938 salva
1163 1898 1239 1939 con·

287 1975 421 2040 scientia
432 1984 465 2037 et
473 1975 565 2037 famae
576 1975 766 2055 integritate.
810 1977 926 2036 Actum
938 1985 987 2038 est
997 1987 1101 2039 autem
1113 1998 1239 2041 mecum

287 2098 346 2162 per
368 2076 524 2160 quosdam
547 2075 748 2150 mediatores,
771 2087 808 2139 ut
830 2077 1009 2141 recederem
1033 2099 1052 2142 a
1073 2077 1238 2156 fidelitate,

288 2189 321 2241 et
335 2176 491 2258 obsequio
508 2176 630 2239 domini
641 2177 892 2256 Cautuariensis,
908 2191 939 2243 et
949 2181 1088 2264 jurarem
1102 2180 1238 2245 fidelita-

284 2289 352 2342 tem
362 2278 439 2358 regi,
451 2290 484 2340 et
494 2279 728 2342 observantium
742 2280 1009 2345 consuetudinum
1019 2282 1120 2362 regni.
1143 2283 1239 2354 Quod

287 2380 361 2463 quia
383 2378 485 2442 facere
507 2398 645 2461 nequeo,
666 2399 726 2441 nec
749 2380 833 2456 volo,
857 2382 1007 2464 quoniam
1030 2394 1139 2446 contra
1161 2403 1239 2446 con·

280 2481 451 2545 scientiam
473 2489 522 2543 est
551 2490 583 2542 et
611 2480 820 2558 honestatem,
841 2484 1039 2567 proscriptus
1069 2486 1178 2559 exulo,
1207 2496 1239 2548 et

280 2582 424 2646 exulabo
434 2581 581 2659 libenter,
593 2579 668 2643 dum
678 2583 752 2645 Deo
762 2583 925 2664 placuerit.
971 2583 1140 2667 Numquid
1152 2585 1236 2648 enim

285 2683 459 2747 obediendi
475 2683 698 2747 necessitatem
709 2705 860 2766 rumpens
875 2684 908 2746 in
919 2683 1064 2765 periculo
1077 2686 1235 2761 ecclesiae,

284 2785 318 2848 in
344 2806 440 2850 causa
469 2786 545 2863 Dei,
566 2795 687 2869 patrem
711 2794 744 2848 et
770 2782 938 2846 domiuum
964 2782 1119 2861 deseram,
1140 2795 1173 2847 et
1201 2785 1236 2848 in

284 2886 532 2951 consuetudines
549 2886 666 2970 jurabo
690 2905 771 2966 quas
793 2882 874 2945 sacri
897 2902 1037 2945 canones
1055 2885 1236 2966 reprobant,

285 2996 318 3052 et
332 2987 480 3050 dominus
502 3007 587 3069 papa
606 2986 646 3050 de
669 2984 804 3049 consilio
827 2984 955 3047 fratmm
971 2984 1057 3068 apud
1081 2985 1236 3065 Senonas,

283 3089 374 3151 -vobis
402 3087 493 3171 ipsis,
525 3086 571 3164 (ut
600 3085 726 3170 opinor)
750 3086 957 3150 audientibus
985 3086 1235 3151 condemnavit?

287 3188 380 3252 Certe
402 3189 635 3251 observantiam
656 3208 816 3250 canonum
832 3198 887 3251 sut
907 3189 1002 3251 etiam
1021 3188 1123 3271 ipsius
1142 3210 1238 3252 evau-

285 3291 359 3373 gelii
373 3311 439 3352 non
456 3290 605 3373 jurarem,
620 3287 784 3370 quoniam,
800 3297 835 3350 ut
856 3289 1031 3369 Apostolus
1045 3289 1238 3370 ingemiscit,

284 3395 317 3456 in
341 3392 448 3455 multis
469 3387 662 3453 offendimus
685 3408 806 3450 omnes.
850 3389 897 3451 Et
919 3389 1025 3451 minus
1046 3391 1165 3450 malum
1188 3400 1237 3453 est

285 3494 469 3577 simpliciter
483 3490 690 3576 praevaricari,
707 3510 803 3573 quam
817 3489 1108 3571 praeraricationem
1124 3511 1234 3553 cumu-

282 3599 347 3660 lare
370 3596 517 3679 perjurio.
563 3593 639 3659 Scio
661 3603 767 3656 autem
790 3591 877 3674 quod
898 3589 1026 3675 perjurii
1049 3601 1104 3655 aut
1124 3592 1237 3656 inobe-

284 3697 414 3759 dientiae
422 3693 929 3781 autcujuscumqueturpitudinis
937 3714 1095 3757 nemovos
1103 3694 1238 3759 habebit

279 3807 437 3861 auctores.
483 3797 547 3861 Sed
563 3798 638 3881 quia
659 3798 756 3861 timeo
772 3816 813 3857 ne
828 3816 884 3860 vos
899 3793 1018 3858 taedeat
1040 3796 1237 3859 verbositatis

283 3918 373 3973 mese,
391 3896 495 3958 verbis
509 3896 596 3960 hunc
608 3899 689 3960 facio
701 3897 811 3975 finem,
822 3897 1010 3980 supplicans
1019 3908 1055 3958 ut
1064 3917 1120 3959 vos
1131 3897 1236 3958 eccle-

284 4001 340 4065 siae
355 3994 474 4059 diutius
489 3995 707 4076 naufragantis
727 3996 884 4061 studeatis
903 3996 996 4059 finire
1018 3995 1186 4070 miseriam,
1201 4006 1234 4057 et

284 4123 355 4185 quae
385 4096 481 4160 nobis
510 4093 630 4178 jugiter
663 4095 843 4159 inferuntur
870 4097 1057 4180 propulsare
1087 4092 1232 4176 injurias.

283 4203 398 4264 Valeat
408 4217 533 4282 semper
542 4194 690 4257 dominus
701 4217 803 4274 meus,
815 4207 847 4259 et
855 4195 1101 4279 proscriptorum
1112 4194 1233 4258 Christi

285 4303 475 4366 misereatur.
525 4296 693 4363 Intercedo
709 4298 794 4363 enim
806 4299 881 4385 ‘vice
897 4298 1040 4361 omnium
1059 4298 1231 4361 coexulan·
