3034 5200
286 703 330 770 ta
546 724 683 769 roanms
698 723 976 770 sanusnnnreusrs
1141 704 1186 783 [n.
1205 720 1237 764 n.

287 896 351 940 non
374 874 555 960 proficiunt,
570 886 603 940 et
617 877 799 940 tenacitatis
813 875 1055 941 conservatione
1072 893 1138 935 non
1154 893 1239 936 cres·

287 986 374 1052 cunt,
389 989 422 1041 et
442 976 624 1057 erogatione
647 978 696 1040 sui
717 998 784 1039 non
806 976 1001 1054 minuuntur,
1023 973 1081 1039 sed
1104 974 1242 1056 amplius

288 1099 353 1161 quo
366 1078 469 1160 magis
481 1078 598 1141 fuerint
611 1078 774 1161 publicata
788 1079 981 1142 clarescunt·

295 1472 299 1478 ,
327 1395 548 1465 EPISTOLA
571 1399 762 1464 noxe-nn
775 1415 957 1464 nauarcon
973 1420 1186 1471 narocnusnn

529 1515 727 1565 aerscoenn.
774 1501 998 1587 [a.n.1167.]

286 1649 449 1730 Episcopo
464 1647 638 1709 Baiocassi
652 1643 800 1709 Hearico
814 1646 960 1709 Joaaaes
975 1643 1236 1712 Saresberieast's.

326 1791 448 1865 Aunro,
471 1798 571 1869 pater,
594 1799 626 1849 et
652 1787 789 1868 gaudeo,
811 1789 898 1870 quod
925 1809 984 1870 pro
1009 1792 1124 1854 merito
1145 1792 1238 1854 vobis

284 1891 433 1953 universa
457 1887 653 1950 succedunt:
688 1898 721 1950 et
747 1888 802 1970 qui
829 1888 1035 1951 Decanorum
1060 1912 1176 1954 nomen
1203 1902 1236 1956 et

284 1989 440 2061 ordinem,
474 1987 550 2050 dum
587 1987 690 2062 licuit,
718 1987 909 2063 honorastis,
937 2008 1025 2051 nunc
1061 2000 1235 2053 vestrarum

283 2089 453 2174 splendore
469 2089 617 2153 virtutum
631 2087 665 2149 in
679 2097 762 2150 terra
774 2088 879 2150 aliena
890 2108 992 2170 nsque
1007 2088 1049 2152 ad
1065 2092 1236 2154 multorum

281 2190 435 2254 invidiam
448 2189 611 2272 pontificis
625 2188 790 2251 illustratis
805 2189 956 2257 officium.
993 2189 1087 2264 Quod
1103 2190 1233 2274 quidem

281 2301 370 2354 tanto
392 2289 553 2373 salubrius
565 2288 605 2352 ad
629 2288 871 2365 conscientiam,
892 2297 982 2352 tanto
998 2290 1164 2372 gloriosius
1185 2302 1235 2355 est

282 2387 322 2452 ad
337 2386 477 2465 famam3
504 2397 625 2471 quanto
639 2386 737 2449 rarior
750 2387 909 2452 invenitur
923 2390 1029 2452 ovium
1044 2402 1162 2473 pastor,
1178 2405 1233 2457 aut

282 2491 337 2573 qui
351 2489 386 2551 in
408 2489 558 2551 Ecclesia
579 2487 644 2550 Dei
658 2485 868 2551 ministerium
885 2509 977 2552 suum
991 2490 1119 2556 studeat
1132 2493 1234 2557 bono·

281 2612 362 2669 rare,
372 2591 406 2653 in
421 2598 509 2653 tanto
524 2588 609 2652 fastu
623 2596 656 2652 et
669 2609 803 2652 numero
815 2589 944 2654 nomine
961 2600 1052 2655 tenus
1062 2591 1233 2657 illustrium

281 2691 490 2756 sacerdotum.
529 2691 551 2754 J
552 2712 604 2754 am
619 2690 715 2765 enim,
730 2701 767 2753 ut
781 2690 873 2754 Deus
888 2691 1012 2773 pridem
1027 2692 1062 2753 in
1077 2693 1233 2774 propheta

281 2804 476 2878 conquestus
504 2803 562 2871 est,
592 2790 783 2854 Sacerdotes
812 2811 876 2853 aon
905 2791 1075 2868 dixerunt,
1097 2792 1154 2854 ubi
1184 2804 1233 2855 est

281 2892 465 2959 Dominus?
492 2902 525 2957 et
547 2900 689 2956 tenentes
710 2892 820 2971 legem,
836 2894 1010 2971 justitiam
1036 2896 1229 2956 nescierunt.

281 2994 379 3059 Unde
395 3005 428 3056 et
435 2993 559 3076 justum
574 3001 623 3056 est
635 3003 672 3056 ut
692 2992 867 3055 eminentia
880 3001 984 3055 vestra
1005 2992 1178 3057 honoretur
1199 3006 1232 3057 et

279 3095 428 3176 diligatur
449 3095 545 3157 etiam
559 3094 600 3157 ab
621 3093 675 3155 bis
690 3094 745 3176 qui
761 3093 965 3175 exigentibus
980 3094 1100 3158 meritis
1114 3094 1232 3159 nostris

278 3196 488 3260 sacerdotium
511 3214 652 3278 praesens
667 3192 814 3258 ridentur
834 3196 952 3259 habere
974 3198 1183 3280 contemptui,
1198 3207 1231 3261 et

278 3301 382 3379 legem
398 3297 471 3376 Dei,
488 3317 560 3379 quae
579 3293 659 3357 solvi
680 3314 745 3355 non
769 3303 888 3375 potest,
903 3317 1054 3360 evacuare
1077 3298 1231 3361 nituntur.

280 3400 371 3463 Licet
396 3397 482 3461 enim
507 3394 652 3479 AEgyptii
677 3391 822 3476 pastores
841 3396 946 3458 ovium
969 3396 1177 3475 detestentur,
1200 3409 1233 3461 et

279 3499 470 3565 Samaritani
495 3496 646 3581 temporis
675 3495 776 3558 nostri
801 3516 865 3558 non
897 3505 1067 3560 coutantur
1093 3499 1146 3562 bis
1174 3501 1229 3584 qui

278 3602 409 3663 verbum
434 3599 497 3663 Dei
519 3598 650 3680 publice
677 3595 891 3660 confitentur:
921 3605 1029 3660 tamen
1055 3608 1087 3661 et
1107 3600 1230 3683 Joseph

278 3701 398 3763 invenit
422 3702 556 3780 gratiam
579 3701 613 3762 in
637 3701 789 3782 AEgypto,
803 3707 836 3761 et
858 3697 944 3781 apud
964 3700 1097 3783 Asyrios
1118 3702 1231 3765 clamit

277 3798 406 3874 Daniel,
435 3809 468 3859 et
498 3799 705 3880 praerogativa
732 3798 916 3861 meritorum
948 3800 1043 3861 etiam
1077 3811 1229 3882 regnante

278 3899 391 3964 Achab
407 3897 538 3959 Heliam
552 3898 629 3960 fecit
643 3898 809 3978 insignem.
856 3899 931 3961 Non
947 3910 995 3961 est
1010 3920 1085 3981 ergo
1103 3900 1229 3976 mirum,

277 4003 304 4066 si
317 3997 404 4084 apud
418 3998 597 4082 principem
609 3997 827 4061 Christianum
840 4012 872 4062 et
883 4000 1045 4063 Officiales
1057 3999 1125 4081 ejus
1135 4021 1227 4063 suum

276 4105 375 4166 virtus
387 4099 502 4184 reperit
511 4098 629 4175 locum,
642 4106 674 4159 et
689 4097 716 4159 si
729 4096 871 4179 diligitur
885 4100 927 4162 ab
937 4099 1118 4161 bominibus
1132 4120 1225 4180 quem

278 4205 400 4267 Divina
414 4202 514 4284 gratia
536 4208 661 4264 constat
676 4220 745 4261 esse
766 4201 950 4282 perfusum3
976 4200 1059 4262 siout
1081 4220 1227 4279 unguen·

276 4315 344 4367 tum
359 4327 376 4367 a
392 4305 495 4386 capite
510 4302 638 4367 Christo
653 4301 687 4363 in
710 4302 855 4364 ecclesia
880 4300 1015 4364 defluxit
1038 4302 1180 4380 barbam,
1195 4314 1227 4365 et
