3034 5200
306 717 364 776 132
563 727 698 772 anxurus
714 724 992 771 saansaanrnusrs
1162 709 1214 788 [a.
1232 730 1263 772 n.

307 882 457 945 fecerant.
519 881 637 942 Omnes
667 879 724 964 qui
755 878 853 941 verba
882 878 952 941 haee
981 876 1152 941 audierunt
1175 878 1264 941 exbi-

310 982 400 1046 larati
416 996 511 1045 sunt:
536 994 567 1045 et
584 980 759 1044 Lombardi
769 981 837 1065 jam
853 990 1014 1065 caeperunt
1030 979 1141 1044 mitius
1155 1003 1260 1063 agere,

310 1097 473 1168 sperantes
500 1082 658 1146 homiuem
675 1104 742 1146 esse
765 1104 963 1146 conversum.
1010 1081 1141 1146 Interim
1163 1105 1262 1168 stepe-

307 1185 413 1250 dictus
429 1184 567 1248 marchio
582 1185 646 1269 egit
659 1206 731 1247 cum
747 1196 883 1268 cognato
894 1206 952 1247 suo
967 1181 1080 1247 comite
1096 1184 1261 1247 Maurian·

294 1285 395 1349 'nensi
414 1297 449 1349 ut
468 1284 690 1370 imperatorem
711 1284 910 1368 permitteret
932 1282 1050 1368 egredi,
1071 1283 1260 1369 promittens

305 1387 334 1450 ei
367 1409 429 1450 non
460 1385 555 1450 modo
577 1384 810 1449 restitutionem
834 1383 1026 1461 ablatorum,
1056 1384 1111 1448 sed
1136 1397 1260 1449 montes

306 1512 430 1565 aureos,
446 1501 477 1552 et
493 1511 566 1552 cum
583 1487 701 1551 honore
716 1500 748 1550 et
768 1486 871 1571 gloria
886 1485 1011 1572 imperii
1026 1485 1160 1572 gratiam
1177 1510 1256 1551 sem·

304 1591 470 1675 piternam.
518 1590 585 1654 Viri
602 1602 708 1653 autem
721 1587 858 1673 religiosi
874 1609 958 1674 quos
972 1602 1169 1668 evocaverat,
1180 1591 1258 1654 arri-

306 1703 445 1774 puerunt
468 1689 540 1763 iter,
562 1699 693 1772 excepto
715 1688 830 1752 abbate
853 1687 1065 1763 Cisterciensi,
1089 1689 1146 1774 qui
1167 1691 1257 1774 gravi

304 1791 453 1853 detentus
468 1789 664 1866 infirmitate,
682 1791 748 1853 vice
765 1812 823 1853 sua
838 1789 922 1854 misit
946 1789 1109 1857 dominum
1126 1792 1258 1857 Gaufri·

304 1889 380 1953 dum
393 1888 711 1964 Autissiodorensem,
722 1890 780 1973 qui
792 1887 1138 1971 clarevaleusisfuerat
1148 1892 1259 1970 abbas,

304 1992 501 2078 praemittens
523 1991 652 2054 fratrem
678 1991 849 2077 quendam,
874 1995 930 2078 qui
952 2015 972 2056 a
990 2005 1126 2078 tyranno
1147 1994 1257 2078 explo·

305 2107 400 2171 raret,
417 2093 471 2158 ubi
487 2105 518 2156 et
539 2092 668 2177 quando
688 2116 798 2156 eorum
815 2093 909 2158 vellet
932 2095 980 2158 uti
996 2094 1162 2180 colloquio.
1208 2098 1255 2161 At

303 2196 367 2271 ille,
378 2195 489 2259 audito
501 2194 639 2258 adventu
654 2217 764 2258 eorum
775 2209 807 2260 et
823 2195 948 2272 litteris,
961 2197 1029 2283 jam
1040 2196 1082 2260 de
1095 2196 1184 2262 exitu
1197 2221 1256 2263 suo

301 2312 418 2374 eertuS,
434 2297 569 2361 induciis
581 2297 773 2384 impetratio,
784 2300 948 2386 respondit
964 2323 1017 2364 eos
1030 2300 1073 2363 ob
1084 2300 1166 2363 hanc
1180 2324 1255 2366 cau-

303 2423 368 2464 sam
384 2400 504 2463 frustra
520 2413 671 2463 venturos
679 2423 757 2478 esse,
770 2402 828 2466 nisi
840 2403 987 2486 angelum
1000 2403 1041 2467 de
1051 2401 1138 2467 coelis
1147 2424 1253 2468 secum

301 2515 447 2589 patenter
469 2501 641 2581 adducant,
656 2517 712 2567 aut
735 2504 863 2569 veniant
885 2505 917 2568 in
940 2517 1098 2592 potestate
1119 2507 1256 2572 faciendi

301 2606 464 2681 miracula,
479 2618 514 2670 ut
528 2605 649 2692 possint
659 2608 814 2671 mundare
827 2607 977 2692 leprosos,
988 2621 1020 2673 et
1033 2623 1176 2673 mortuos
1187 2634 1254 2675 sus

301 2712 414 2776 citare:
437 2723 469 2774 et
481 2710 525 2773 sic
534 2708 579 2771 illi
589 2709 629 2773 ad
642 2709 770 2796 propria
779 2708 892 2774 reversi
900 2722 984 2773 sunt.
1001 2713 1074 2773 Hoc
1081 2709 1158 2772 mihi
1168 2710 1251 2773 idem

303 2834 473 2879 conversus
488 2815 658 2889 Cartusiae,
674 2812 730 2897 qui
746 2810 933 2895 legationem
950 2824 1101 2895 gesserat,
1118 2811 1238 2876 retulit.

344 2918 525 3002 Imperator
545 2927 664 2991 autem,
685 2912 825 2977 collectis
845 2912 1011 2977 obsidibus
1034 2937 1115 2998 quos
1130 2913 1250 3000 disper-

302 3031 395 3093 serat,
406 3019 446 3082 ad
458 3017 595 3082 reditum
613 3040 798 3104 properans,
811 3014 898 3081 venit
909 3015 948 3079 ad
962 3029 1105 3080 sanctum
1118 3018 1251 3082 Ambro-

300 3117 380 3181 sium
391 3118 510 3181 habens
525 3119 649 3182 circiter
661 3124 702 3183 30
716 3119 832 3185 milites
842 3122 875 3184 in
891 3120 1044 3185 comitatu
1062 3142 1130 3199 suo,
1139 3119 1253 3185 atinde

298 3218 862 3308 manefestinanteregredieusprope
874 3222 1034 3288 Secusiam
1042 3225 1073 3286 in
1084 3223 1253 3289 eminentia

299 3318 463 3405 cujusdam
480 3320 596 3381 montis
606 3322 772 3405 suspendit
785 3325 944 3407 quendam
956 3324 1098 3388 obsidem
1114 3326 1252 3388 nobilem

210 3506 212 3510 ἲ
298 3421 508 3497 Brixiensem,
524 3419 689 3505 imponens
704 3426 731 3485 ei
747 3422 837 3506 quod
852 3423 1080 3507 conjurationis
1097 3424 1250 3487 Italorum

297 3524 440 3589 conscius
455 3522 570 3598 fuerat,
586 3534 617 3585 et
642 3521 744 3607 (quod
766 3520 840 3609 plus
854 3527 913 3604 est)
936 3522 1054 3586 artifex
1069 3524 1254 3608 cougregati

297 3629 465 3704 exercitus,
492 3625 549 3711 qni
572 3647 646 3688 eum
669 3625 710 3688 ab
737 3624 834 3690 Italia
858 3623 1059 3709 expellebat:
1083 3622 1161 3689 alios
1176 3650 1251 3692 vero

296 3727 420 3791 obsides
436 3750 541 3791 secum
557 3726 651 3793 duxit
667 3727 751 3792 intra
768 3728 940 3794 Secusiam.
987 3727 1080 3793 Cives
1095 3742 1200 3793 autem
1216 3742 1249 3794 et

294 3827 404 3892 incolae
420 3826 480 3889 loci
496 3842 604 3910 portas
616 3827 723 3900 claudi
739 3829 884 3893 fecerunt
895 3828 1048 3916 appositis
1063 3829 1248 3896 custodibus

294 3927 435 4002 armatis,
451 3940 482 3991 et
497 3939 635 4013 tyranno
649 3930 776 3993 obsides
796 3929 1009 4006 abstulerunt,
1032 3931 1172 3995 dicentes
1188 3932 1247 3997 sibi

293 4036 333 4100 ab
349 4029 611 4097 aliiscivitatibus
621 4030 780 4094 excidium
791 4044 823 4096 et
833 4032 1054 4097 exterminium
1070 4034 1247 4113 imminere,

293 4139 319 4200 si
335 4134 454 4199 vicinos
470 4156 543 4197 suos
558 4145 590 4196 et
606 4130 734 4209 amieos,
745 4133 829 4197 viros
846 4133 950 4198 Italiae
965 4134 1185 4218 nobilissimos,
1201 4138 1246 4203 sic

289 4249 475 4320 paterentur
502 4234 620 4299 abduci
637 4234 670 4298 in
694 4234 911 4301 Alemanniam
928 4238 1140 4303 occidendos:
1165 4263 1248 4325 prae·

290 4337 396 4400 sertim
406 4360 507 4422 quum
524 4337 629 4401 adhuc
644 4339 676 4408 in
695 4336 791 4403 ltalia
803 4338 1004 4424 suspenderit
1016 4340 1120 4405 virum
1134 4355 1248 4429 poten-
