3034 5200
296 712 337 769 34
569 722 705 767 sonuum
722 720 999 767 sauusasnrnnsrs
1153 705 1196 784 [a.
1213 727 1247 768 n.

298 881 419 952 vetent,
442 881 633 937 evacuarent
661 869 779 934 dirinae
807 869 887 954 legis
916 880 949 933 et
974 891 1133 935 canonum
1160 893 1250 936 sanc·

293 972 413 1037 tiones:
447 984 481 1037 et
506 971 574 1036 sine
601 970 733 1036 crimine
758 971 997 1036 committerent
1024 983 1058 1036 et
1083 983 1249 1038 tuerentur

293 1072 520 1138 inobedientiae
530 1073 661 1138 crimen.
687 1072 794 1137 Sentit
804 1072 864 1136 hoc
878 1072 1115 1138 cantuariensis
1126 1073 1249 1138 archie-

294 1175 440 1261 piscopus
456 1187 489 1239 et
507 1175 655 1240 coerules
669 1174 728 1257 sui,
743 1173 798 1260 qui
813 1174 904 1239 bonis
919 1173 1067 1239 omnibus
1081 1175 1247 1261 proscripti

294 1288 378 1355 sunt,
408 1278 484 1365 quia
513 1278 629 1342 mutire
664 1276 785 1342 audent
814 1299 872 1362 pro
902 1277 1058 1343 Ecclesiae
1087 1276 1244 1343 libertate.

295 1380 490 1465 Sperabatur
519 1381 553 1445 in
583 1380 723 1445 adventu
751 1378 971 1445 Cardinalium
1000 1379 1107 1466 aliqua
1135 1401 1246 1444 conso·

293 1480 386 1548 letio:
414 1482 471 1546 sed
489 1503 564 1545 ecce
580 1503 619 1546 eo
638 1481 738 1566 magis
753 1482 944 1546 crudescunt
964 1502 1082 1546 cornua
1095 1492 1245 1568 tyranno·

293 1607 375 1669 rum,
389 1585 475 1671 quod
490 1585 599 1650 vident
614 1586 746 1671 palpari,
759 1598 794 1650 et
808 1608 872 1650 non
894 1584 1068 1650 remorderi
1081 1583 1173 1648 illum
1188 1583 1244 1669 qui

290 1684 367 1750 fecit
381 1697 414 1750 et
429 1685 505 1749 lacit
518 1685 626 1749 omnia
640 1687 719 1750 haec.
757 1687 808 1750 De
823 1687 923 1750 altero
943 1697 1050 1750 tamen
1066 1686 1244 1771 legatorum

291 1785 406 1849 merito
435 1785 567 1848 confidit
593 1784 747 1864 Ecclesia,
774 1785 850 1869 quia
877 1787 1017 1850 creditur
1045 1789 1096 1870 agi
1124 1788 1244 1873 Spiritu

292 1885 365 1949 Dei.
418 1888 464 1949 Et
493 1884 615 1948 utinam
644 1885 725 1948 alter
753 1887 931 1969 potentatui
961 1898 995 1950 et
1018 1888 1130 1969 gratiae
1161 1891 1244 1974 regis

291 2008 387 2074 quam
411 1987 545 2072 appetiit
564 1986 726 2062 hactenus,
748 1985 898 2071 praeferat
922 1986 1099 2054 veritatem.
1144 1991 1241 2065 Quod

289 2090 315 2153 si
341 2089 461 2165 lecerit,
485 2109 545 2151 nec
566 2086 851 2164 confirmationem,
874 2111 933 2151 nec
960 2088 1161 2153 tolerantiam
1186 2104 1243 2156 aut

289 2190 574 2255 dissimulationem
598 2189 865 2268 consuetudinum
880 2190 963 2274 regis
981 2191 1022 2256 ab
1037 2191 1144 2277 aliquo
1159 2193 1242 2278 epis-

288 2314 438 2377 coporum
462 2291 578 2374 exiget,
595 2314 668 2378 quae
689 2291 753 2374 legi
775 2291 837 2355 Dei
858 2303 1005 2377 patenter
1024 2292 1242 2374 adversantur,

288 2393 573 2479 sedisapostolicae
601 2393 803 2478 privilegium
833 2394 996 2478 dissipant,
1020 2405 1052 2459 et
1074 2417 1169 2460 omne
1187 2397 1242 2481 jus

288 2493 556 2559 etauctoritatem
580 2515 780 2579 eorumquae
797 2495 939 2577 gerenda
958 2496 1080 2560 suntin
1097 2497 1241 2562 Ecclesia

290 2597 364 2675 Dei,
380 2597 413 2661 in
428 2595 578 2683 principis
597 2595 766 2661 conferunt
780 2596 988 2666 voluntatem.
1033 2600 1068 2667 Si
1083 2601 1239 2685 pastorale

287 2700 426 2765 officium
445 2721 509 2763 non
525 2697 585 2763 nisi
604 2698 774 2764 adnutum
796 2700 947 2785 principis
961 2700 1057 2763 liceat
1078 2723 1237 2780 exercere,

286 2814 320 2867 et
334 2802 444 2888 procul
465 2802 563 2866 dubio
583 2823 642 2865 nec
663 2799 797 2865 crimina
816 2802 999 2887 punientur,
1015 2822 1075 2863 nec
1090 2816 1239 2886 tyranno-

286 2927 357 2968 rum
379 2916 531 2986 arguetur
552 2902 743 2978 immanitas,
767 2923 827 2966 nec
853 2902 956 2987 reipsa
977 2900 1033 2965 diu
1055 2902 1152 2966 stabit
1175 2903 1238 2967 Ec-

285 3004 392 3067 clesia.
439 3005 525 3087 Ergo
545 3006 687 3091 quisquis
702 3004 756 3068 ille
772 3003 822 3081 sit,
838 3002 942 3090 quiin
958 3014 1117 3069 tantarum
1135 3005 1237 3089 pravi·

284 3115 387 3167 tetum
404 3104 607 3188 usurpatione
620 3106 712 3169 silere
727 3116 761 3170 et
771 3105 969 3170 dissimulare
985 3105 1121 3170 consulit
1135 3128 1238 3171 sacer·

285 3207 384 3281 dotes,
409 3204 594 3269 haereticum
621 3227 688 3269 esse
712 3229 777 3270 non
800 3208 923 3286 dubito,
946 3220 980 3272 et
1002 3210 1235 3294 praeambulum

285 3306 481 3383 Antichristi,
497 3306 523 3370 si
538 3306 604 3391 ipse
621 3328 684 3370 non
700 3306 741 3370 sit
755 3309 963 3392 personaliter
979 3309 1202 3374 Antichristus.

331 3412 443 3477 Clamo
466 3411 582 3495 (inquit
604 3411 741 3494 Spiritus
763 3434 821 3495 per
842 3415 1042 3496 prophetam)
1065 3435 1105 3476 nc
1126 3434 1234 3486 cesses,

284 3519 376 3597 perosi
401 3515 480 3578 tuba
502 3513 609 3577 eoealta
633 3534 736 3577 uocem
765 3520 853 3576 tuam
877 3521 908 3575 et
929 3516 1100 3577 annuncia
1119 3516 1238 3595 populo

284 3640 349 3681 meo
375 3622 492 3681 scelera
518 3636 637 3679 corum.
682 3617 727 3678 Et
756 3617 921 3699 apostolus
945 3617 979 3678 in
1005 3639 1070 3699 quo
1094 3616 1237 3699 loquitur

286 3716 444 3795 Christus,
460 3720 567 3795 Arpue
583 3713 725 3798 (inquit),
740 3714 879 3789 obsecra,
896 3715 1040 3796 increpa,
1055 3730 1086 3779 et
1109 3737 1235 3778 omnem

282 3817 394 3897 punire
416 3816 666 3879 inobedientiam
692 3825 860 3898 promptus
881 3816 944 3897 ipsi
966 3818 1091 3897 Angelo
1120 3817 1173 3899 qui
1201 3817 1235 3878 in

281 3917 371 3981 coelis
397 3926 446 3978 est
470 3916 641 3978 anathema
666 3916 849 3994 denunciat,
875 3916 903 3978 si
933 3938 967 3978 se
997 3918 1097 3997 erigat
1124 3926 1235 3978 contra

282 4017 456 4093 Christum,
471 4026 504 4076 et
522 4014 637 4077 doceat
651 4026 762 4077 contra
784 4016 953 4097 Evangelii
968 4016 1148 4078 veritatem:
1186 4016 1233 4078 Et

278 4120 375 4183 audet
399 4115 572 4180 homuncio
597 4136 725 4177 monere
752 4127 785 4179 et
810 4119 974 4180 consulere
1000 4114 1169 4189 sacerdoti,
1196 4125 1231 4178 ut

277 4232 382 4285 taceat
397 4229 430 4283 et
445 4215 623 4280 dissimulet
644 4215 792 4298 injuriam
809 4217 939 4291 Christi,
956 4218 1040 4279 mala
1053 4216 1177 4277 faciens
1192 4228 1228 4278 ut

277 4321 465 4401 proveniant
479 4315 586 4382 bona?
625 4318 743 4380 Nonne
758 4320 920 4399 pereuntis
935 4317 1027 4401 impii
1041 4317 1170 4399 sanguis
1185 4316 1226 4377 de
