3034 5200
284 706 392 788 llos]
661 726 837 771 amsroan.
1190 715 1228 773 lt

282 879 413 943 Domini
424 898 496 940 cum
512 878 658 942 omnbus
671 899 748 960 quae
761 882 863 961 ipsios
876 887 965 958 suut,
976 887 1013 942 ut
1026 882 1056 942 ei
1069 881 1231 960 sacraficet

279 983 314 1043 in
328 981 454 1045 decerto.
500 983 577 1044 Non
599 983 723 1064 estqui
745 983 839 1046 trium
862 983 986 1046 dierum
1009 982 1114 1045 itineri
1136 1004 1228 1045 saca·

279 1083 394 1147 tionem
409 1084 557 1166 impetret
571 1084 657 1147 clero
673 1083 804 1166 degenti
818 1087 877 1148 snb
894 1086 1010 1167 Moyse
1020 1097 1051 1146 et
1066 1086 1183 1157 Aaron,
1194 1083 1228 1147 id

279 1187 382 1249 estin
407 1187 499 1251 cultu
520 1186 602 1267 legis
627 1195 660 1248 et
682 1186 744 1249 ritu
768 1185 868 1249 divini
890 1185 1037 1250 sacrificii
1059 1198 1229 1269 occupato.

280 1282 323 1347 Et
335 1285 465 1369 quidem
480 1285 634 1349 credibile
649 1298 708 1364 est,
719 1285 808 1368 quod
822 1287 851 1349 si
867 1287 919 1349 bic
935 1297 1109 1368 praesentes
1122 1299 1230 1349 essent

280 1389 412 1470 Moyses
436 1400 469 1451 et
491 1387 604 1451 Aaron
626 1387 667 1452 ad
689 1390 806 1452 ostium
828 1389 908 1473 ejus,
931 1389 1023 1471 cujus
1044 1387 1231 1452 innocentia

280 1489 481 1572 praedicatur,
499 1497 554 1552 ant
568 1491 615 1553 eis
628 1491 757 1553 omnino
773 1511 839 1553 non
861 1503 985 1574 pateret
999 1511 1160 1565 accessus,
1176 1501 1230 1553 aut

281 1602 449 1672 negaretur
463 1591 601 1666 auditus,
618 1602 671 1655 aut
685 1592 774 1675 qnod
796 1594 842 1656 ibi
857 1613 924 1654 non
941 1593 1141 1666 invenerunt,
1156 1612 1231 1674 sup·

283 1691 399 1773 pliciis,
427 1700 482 1753 aut
510 1702 593 1754 certe
622 1693 825 1756 contumeliis
854 1693 1065 1755 afficerentur.
1117 1691 1232 1774 Neque

283 1793 369 1856 enim
391 1791 505 1856 desunt
517 1792 649 1857 Jamnes
670 1806 703 1858 et
722 1796 872 1858 Mambre
895 1795 949 1879 qui
967 1795 1098 1877 Spiritui
1113 1793 1232 1857 Sancto

283 1896 438 1958 resistant
460 1895 620 1960 Achitosel
632 1898 751 1960 multos
765 1897 799 1959 in
810 1896 1094 1962 deliberationibus
1104 1896 1233 1980 reliquit

282 1996 434 2073 haeredes,
453 1996 511 2080 qui
529 1998 689 2064 infatuant
708 1995 831 2063 animas
853 1999 1047 2082 principum,
1068 2008 1100 2062 et
1120 2009 1232 2062 contra

283 2100 388 2163 Deum
406 2100 573 2182 proferunt
594 2113 627 2165 et
653 2103 828 2185 praeferunt
850 2101 1018 2164 consilium
1044 2101 1231 2165 toxicatum.

282 2201 367 2273 Quid
382 2202 469 2265 cuim
484 2224 570 2265 nunc
587 2202 675 2265 aliud
696 2202 732 2266 iu
747 2203 972 2267 cantuariensi
987 2203 1231 2285 archiepiscopo

280 2315 522 2386 persequuntur,
536 2302 598 2366 nisi
613 2305 689 2388 quia
702 2306 736 2367 in
750 2316 930 2388 conspectu
948 2325 1058 2386 regum
1071 2325 1169 2367 ausus
1184 2314 1233 2365 est

281 2405 345 2469 Dei
360 2405 518 2489 justitiam
538 2407 718 2488 protestari,
733 2408 813 2486 tueri
835 2409 948 2490 legem,
970 2406 1127 2470 Ecclesiae
1148 2406 1231 2469 tueri

280 2502 478 2568 libertatem?
510 2503 604 2568 Certe
631 2505 706 2569 dum
732 2507 922 2588 magnificus
947 2517 1014 2571 erat
1038 2519 1173 2589 nugator
1197 2506 1231 2567 in

282 2607 378 2686 curia,
398 2606 473 2671 dum
495 2607 576 2689 legis
594 2619 797 2691 contemptor
817 2609 983 2674 ridebatur
1002 2620 1034 2673 et
1054 2609 1141 2686 cleri,
1156 2609 1232 2671 dum

280 2711 425 2774 scurriles
434 2710 745 2794 compotentioribus
754 2713 1233 2796 sectabaturineptias,magnus

280 2812 464 2891 habebatur,
479 2815 585 2876 clarus
606 2824 683 2892 erat,
699 2826 731 2877 et
752 2827 907 2896 acceptus
924 2814 1085 2888 omuibus,
1099 2822 1131 2873 et
1146 2812 1233 2872 solus

281 2913 488 2996 dignissimus
504 2936 628 2978 summo
643 2917 824 2998 pontificio,
834 2918 875 2979 ab
889 2916 1045 2980 universis
1056 2914 1235 2977 conclama»

280 3018 371 3080 batur
382 3027 414 3079 et
426 3017 578 3097 singulis:
602 3017 660 3079 sed
670 3037 715 3079 cx
725 3039 790 3100 quo
805 3018 838 3080 in
850 3019 1035 3100 pontificem
1047 3017 1235 3080 sublimatus

282 3138 349 3179 suae
378 3137 499 3180 memor
528 3116 723 3180 conditionis
756 3130 789 3181 et
816 3120 1022 3202 professionis
1055 3120 1233 3202 exprimere

282 3217 384 3282 voluit
405 3217 615 3296 sacerdotem,
630 3227 663 3280 et
684 3221 778 3283 verbo
798 3221 860 3285 Dei
882 3218 994 3285 maluit
1014 3222 1061 3283 uti
1082 3221 1234 3302 magistro

282 3339 377 3401 quam
396 3319 528 3402 populo,
542 3320 644 3383 lactus
666 3331 715 3385 est
737 3323 785 3385 eis
802 3323 955 3386 inimicus
970 3344 1044 3386 vera
1065 3322 1187 3398 dicens,
1202 3334 1234 3382 et

234 3419 238 3426 ’
281 3422 376 3486 vitam
391 3421 574 3500 corrigens3
597 3433 632 3487 ut
646 3435 679 3486 et
693 3424 727 3486 hi
741 3425 898 3508 impleant
912 3445 1092 3487 mensuram
1107 3438 1234 3507 patrum

280 3545 418 3601 suorum,
440 3524 495 3606 qui
517 3546 560 3587 ex
582 3546 681 3589 causa
701 3526 799 3589 simili
820 3526 997 3609 prophetas
1019 3536 1051 3587 et
1073 3524 1235 3606 apostolos

279 3626 463 3710 persequuti
485 3637 576 3691 sunt:
607 3637 639 3691 et
666 3627 796 3711 quidam
821 3649 928 3691 eorum
953 3626 1059 3689 adhuc
1083 3638 1235 3707 martyres

280 3728 409 3806 Christi,
423 3729 458 3792 id
474 3740 531 3807 est,
544 3741 641 3794 testes
653 3730 794 3794 veritatis
805 3744 836 3793 et
845 3729 980 3813 justitiae
992 3740 1233 3812 persequuntur.

279 3827 366 3901 Quid
394 3831 428 3893 in
455 3831 530 3894 Elia
558 3832 742 3914 persequuti
769 3841 845 3894 sunt
870 3830 984 3894 Achab
1015 3838 1047 3891 et
1074 3825 1232 3892 Jezabel?

280 3931 406 4014 Nempe
417 3932 578 4015 religionis
589 3935 765 4011 oraculum,
775 3932 991 3995 testimonium
1004 3930 1092 4008 fidei,
1100 3928 1235 4013 justitiae

283 4032 521 4114 professionem,
533 4033 756 4097 exterminium
773 4031 978 4109 Idololatria,
990 4031 1147 4094 medelam
1164 4024 1234 4086 viti-

280 4154 380 4207 orum,
397 4136 563 4199 criminum
588 4136 804 4199 abolitionem.
851 4134 969 4197 Paulus
988 4145 1021 4196 et
1035 4133 1147 4193 Petrus
1170 4123 1235 4199 gla-

284 4232 368 4297 dium
380 4236 519 4299 Neronis
530 4241 715 4313 evasissent,
727 4236 826 4297 immo
836 4256 895 4297 uec
911 4231 1120 4297 incurrissent
1130 4220 1236 4282 iuimi-

284 4332 383 4413 citius,
392 4338 454 4400 nisi
464 4338 682 4420 voluptatibus
692 4336 857 4399 hominum
867 4345 900 4395 et
910 4330 1067 4394 erroribus
1079 4320 1238 4386 contraria
