3034 5200
281 687 320 747 la
551 701 688 748 ioannis
704 703 981 749 sanusnnrunusrs
1132 688 1176 766 [n.
1193 709 1226 752 n.

278 863 367 916 motu
393 853 490 917 animi
514 853 564 919 sui
590 853 740 918 decernat
759 856 874 941 judex,
897 856 1056 921 interdum
1080 859 1227 922 assertio-

277 955 384 1032 nibus,
414 954 573 1018 interdum
602 958 905 1040 praesumptionibus
929 972 1042 1023 utens:
1075 973 1110 1023 ut
1135 984 1227 1024 nurn-

279 1077 373 1140 quam
386 1078 427 1120 ex
442 1058 639 1120 conscientia
648 1057 755 1141 justus
771 1070 802 1122 et
816 1061 971 1125 innocens
986 1063 1227 1141 condamnetur,

278 1171 310 1221 et
340 1158 367 1220 si
400 1159 573 1222 multitudo
607 1170 688 1222 stare
723 1161 867 1225 videatur
902 1163 936 1225 in
965 1177 1054 1246 parte
1084 1164 1226 1228 adversa.

279 1262 363 1324 Nam
378 1262 531 1345 scriptum
553 1270 611 1335 est,
628 1260 793 1325 Insontcm
814 1271 847 1327 et
858 1268 990 1344 justum
1009 1286 1075 1328 non
1098 1267 1228 1339 occides,

277 1366 356 1444 qnia
377 1364 526 1427 adversor
540 1366 686 1447 implum.
734 1366 780 1428 Et
794 1366 886 1428 alibi:
909 1369 984 1430 Non
1002 1371 1143 1448 sequeris
1157 1374 1229 1430 tnr-

278 1465 347 1529 lnr'm
363 1465 604 1549 adfoclendnm
619 1468 751 1540 malum,
762 1487 821 1530 nec
834 1469 1005 1546 injudicio
1015 1469 1229 1551 plurimorum

279 1568 461 1649 adquiescet
488 1568 731 1644 contaminat
759 1592 780 1632 a
807 1572 859 1632 ala
890 1571 1040 1636 declines.
1095 1573 1130 1635 Si
1157 1593 1229 1634 vero

277 1680 389 1733 contra
405 1671 644 1746 conscientiam,
659 1672 836 1754 praesertim
851 1673 886 1734 in
898 1674 1122 1758 praejudicium
1136 1675 1229 1736 inno-

279 1772 391 1845 centis,
416 1773 603 1835 sententiam
634 1773 750 1849 tulerit,
775 1774 958 1854 gravissime
984 1786 1117 1856 peccat:
1142 1777 1230 1858 quia,

280 1873 362 1936 sicut
377 1873 457 1937 dicit
467 1875 651 1957 Apostolus,
660 1894 751 1936 omne
766 1875 850 1955 quod
860 1895 929 1949 non
938 1882 984 1938 cst
993 1878 1111 1957 enfide
1119 1898 1230 1957 pecca-

278 1981 419 2039 tumeat.
464 1973 614 2038 Salomon
632 1976 664 2037 in
686 1997 783 2039 causa
800 1976 1000 2039 meretricum
1023 1978 1229 2061 conjecturali

279 2088 466 2158 argumento
490 2089 583 2140 utens
605 2075 829 2142 condemnavit
850 2078 1131 2142 calumniatricem.
1183 2080 1229 2140 Et

279 2180 398 2242 Daniel
412 2179 445 2240 in
467 2179 654 2242 liberatione
677 2180 831 2242 Susannae
854 2180 1156 2264 praesumptionibus
1176 2202 1225 2243 re·

279 2280 395 2343 velavit
423 2279 576 2344 malitiam
606 2279 818 2344 sacerdotum.
863 2280 960 2352 Quod
989 2280 1017 2342 si
1040 2280 1170 2365 judices
1193 2280 1227 2342 in

280 2399 379 2443 causa
393 2377 511 2442 domini
528 2377 766 2442 cantuariensis
781 2380 921 2462 vigorem
940 2380 1084 2444 debitum
1098 2379 1228 2444 habuis-

278 2490 361 2559 sent,
376 2482 402 2545 si
416 2483 488 2561 lege
509 2483 726 2565 praescriptam
741 2485 960 2547 exercuissent
974 2483 1184 2566 diligentiam,
1201 2484 1229 2545 si

280 2583 452 2666 scripturas
473 2584 707 2649 consuluissent
722 2585 756 2649 in
769 2584 905 2670 judicio,
920 2587 947 2650 si
962 2587 1111 2670 potestati
1133 2608 1229 2669 supra

278 2687 409 2751 modum
425 2697 458 2751 et
472 2689 519 2752 sas
541 2710 606 2751 non
623 2686 822 2764 detulissent,
836 2702 947 2770 posset
965 2689 1095 2751 fortasse
1111 2690 1227 2771 proba·

278 2790 386 2855 biliter
413 2794 501 2874 argui
524 2793 579 2877 qui
601 2792 726 2853 illorum
750 2788 910 2872 judicium
934 2790 1117 2853 declinavit.
1162 2790 1228 2853 Sed

279 2894 334 2956 ubi
351 2894 435 2957 furor
454 2897 559 2960 omnia
579 2891 763 2967 vindicavit,
788 2893 859 2974 quis
874 2894 964 2955 locus
978 2892 1083 2975 potuit
1097 2914 1166 2956 esse
1182 2913 1229 2955 ra-

280 2995 356 3059 tioni
388 2998 437 3057 vel
461 2996 546 3080 jurii
571 3006 645 3060 ante
668 2994 836 3079 praesidem
866 2994 982 3058 ductus
1004 3006 1053 3058 est
1083 2995 1230 3059 Christus

281 3096 424 3173 Domini,
435 3095 662 3157 Convenerunt
673 3098 838 3178 principes
853 3097 921 3159 Scr.
933 3103 965 3159 et
977 3097 1061 3163 Plo.
1076 3097 1230 3159 adversus

280 3215 360 3258 enm.
376 3196 572 3278 Etprofecto
582 3197 771 3276 praesesiste
781 3199 914 3272 illo,sub
925 3220 989 3282 quo
999 3198 1230 3262 condemnatus

280 3311 328 3361 est
338 3296 495 3370 Christus,
505 3294 712 3358 truculentior
723 3305 800 3358 erat.
839 3298 924 3359 Nam
936 3298 1057 3361 Pilatus
1069 3297 1103 3359 id
1114 3298 1231 3376 agebat

281 3397 453 3482 exquisitis
468 3396 704 3471 occasionibus,
720 3404 756 3458 ut
772 3396 919 3461 Christus
935 3398 1084 3462 eraderet
1098 3417 1233 3459 accusa-⁴

281 3510 351 3565 tus:
375 3500 428 3563 hic
438 3511 543 3562 autem
555 3519 682 3582 operam
700 3497 799 3562 dabat
812 3510 844 3562 et
859 3500 1072 3580 diligentiam,
1088 3508 1122 3560 ut
1137 3497 1229 3558 inno·

280 3612 566 3667 censaccusaretur
581 3611 613 3663 et
623 3600 823 3666 damnaretur
838 3602 994 3665 Christus.
1027 3599 1100 3676 Ille,
1114 3620 1156 3661 ne
1169 3599 1229 3660 sub

280 3726 319 3767 eo
326 3704 438 3788 judice
453 3705 626 3787 puniretur,
639 3703 801 3767 Christum
815 3702 987 3766 transmisit
998 3699 1040 3763 ad
1052 3698 1231 3775 Herodem,

279 3807 402 3869 ubive]
424 3817 626 3889 contemptus
646 3807 746 3869 evasit
768 3805 925 3880 Christus,
948 3804 1160 3885 remissusque
1180 3813 1229 3864 est

279 3907 411 3972 indutus
426 3914 511 3969 veste
526 3906 616 3967 alba:
661 3905 716 3968 hic
733 3906 838 3971 modis
858 3905 1008 3968 omnibus
1022 3906 1174 3985 agebatur
1188 3924 1230 3964 ne

280 4027 482 4095 quocumque
493 4007 590 4069 modo
602 4007 749 4070 Christus
761 4005 918 4069 evaderet.
942 4006 1040 4069 Dicat
1053 4006 1098 4067 vir
1108 4016 1231 4069 amator

279 4112 420 4177 veritatis
442 4110 635 4194 quicumque
664 4108 762 4170 audet
784 4129 890 4171 coram
915 4109 999 4185 Deo,
1028 4108 1080 4171 cui
1103 4106 1142 4169 de
1165 4107 1228 4169 hoc

280 4214 460 4279 testimonio
482 4212 515 4275 in
535 4210 679 4273 districto
701 4210 849 4272 examine
867 4208 1045 4273 redditurus
1065 4220 1113 4272 est
1133 4210 1228 4273 ratio·

281 4338 365 4394 nem,
377 4315 462 4380 dicat
474 4326 568 4393 certe,
579 4313 605 4377 si
618 4312 725 4391 audct,
736 4312 823 4400 quod
836 4312 1094 4397 archiepiscopus
1106 4313 1149 4375 ibi
1162 4334 1228 4375 ma-
