3034 5200
303 703 362 762 168
560 713 697 758 somnus
711 714 986 759 sinesnanieusrs
1159 697 1204 777 [A.
1221 718 1255 761 n.
1329 676 1331 681 ⁵

301 879 333 931 et
348 866 512 950 exquisitis
522 864 724 952 juramentis,
735 863 822 949 quod
838 865 954 942 omnia,
967 888 1041 950 quae
1052 865 1127 929 inde
1141 889 1251 951 perce·

300 980 402 1052 perat,
426 967 499 1031 solis
524 966 662 1030 ecclesiis
688 977 720 1029 et
748 965 843 1029 etiam
870 967 1066 1052 pauperibus
1095 969 1250 1052 erogavit.

301 1069 364 1132 Sed
381 1069 439 1131 boc
454 1068 562 1132 credat
577 1069 600 1130 J
603 1066 716 1130 udaeus
732 1066 859 1151 Apella,
876 1089 938 1130 non
957 1091 1026 1152 ego.
1074 1069 1253 1134 Cardinalis

299 1184 403 1235 autem
431 1169 612 1244 subintulit,
638 1169 725 1253 quod
750 1169 810 1232 nisi
833 1169 895 1231 alio
919 1182 1031 1233 utatur
1052 1171 1194 1246 consilio,
1216 1185 1249 1236 et

298 1294 371 1336 cum
394 1271 537 1335 Ecclesia
561 1271 623 1335 Dei
645 1269 755 1333 mitius
779 1281 863 1353 agat,
886 1269 991 1359 omnia
1014 1269 1190 1336 districtius
1216 1286 1248 1337 et

298 1372 392 1437 citius
406 1395 503 1457 quam
517 1371 637 1445 credat,
649 1371 690 1433 ab
706 1370 761 1433 illo
776 1373 940 1454 requirent
957 1372 1047 1434 Deus
1057 1384 1089 1434 et
1106 1373 1248 1436 Ecclesia

297 1473 375 1556 ejus.
420 1477 464 1537 Et
481 1474 525 1536 sic
540 1484 669 1557 accepta
684 1471 811 1534 licentia
833 1471 925 1533 abeo
942 1473 1079 1535 recessit.
1124 1473 1248 1538 Deinde

296 1574 441 1640 convenit
459 1597 532 1638 eum
549 1573 733 1636 Willelmus
759 1571 921 1656 Papiensis
939 1595 976 1635 eo
991 1572 1057 1637 fere
1071 1575 1177 1656 modo,
1193 1575 1249 1638 sed

297 1699 400 1739 semen
416 1675 502 1739 verbi
518 1675 587 1760 ejus
602 1673 715 1737 cecidit
733 1674 765 1736 in
782 1695 918 1737 arenam·
957 1674 1123 1739 Facientes
1137 1688 1245 1740 autem

296 1777 465 1840 transitum
481 1797 538 1860 per
554 1772 859 1840 christianissimum
883 1797 989 1859 regem
1008 1775 1151 1841 Franciae
1166 1777 1247 1841 redi-

296 1891 389 1943 erunt
411 1879 444 1939 in
466 1875 601 1959 gratiam
624 1875 704 1959 ejus,
729 1876 1013 1940 intervenientibus
1035 1878 1148 1962 pactis,
1169 1901 1246 1963 quae

293 1977 384 2041 vobis
399 1976 512 2039 harum
530 1975 657 2060 bajulus
672 1975 842 2039 intimabit.
886 1978 1098 2042 Pictavienses
1112 1977 1246 2044 viriliter

294 2086 406 2163 agunt,
420 2089 452 2139 et
467 2077 698 2151 confortantur,
714 2075 821 2139 omnia
839 2076 933 2162 longe
958 2078 1084 2164 lateque
1102 2078 1244 2165 depopu-

294 2177 395 2240 lantes
408 2176 440 2239 in
456 2176 592 2240 circuitu
609 2198 676 2239 suo.

300 2381 521 2445 EPISTOLA
545 2380 800 2446 comit-n>
816 2401 970 2446 sunnam.
1018 2383 1230 2464 [A.n01168.]

475 2538 515 2602 B.
531 2517 760 2602 archidiacono
775 2538 957 2601 annicrasc'
969 2538 1005 2602 J.
1020 2539 1057 2603 S.

334 2669 597 2730 Lfflnnatrmms
623 2675 689 2727 tuae
715 2663 892 2746 diligentia,
917 2662 1119 2728 dilectissime
1147 2664 1242 2729 Bald·

290 2766 381 2842 wine‚
399 2766 583 2829 meritorum
607 2765 775 2828 sedulitate
797 2777 948 2849 procurat
970 2778 1007 2829 ut
1031 2767 1139 2830 eadem
1162 2765 1249 2830 milri.

290 2890 413 2953 semper
427 2879 572 2931 occurrat
588 2865 719 2930 materia
735 2865 935 2949 scriptitandi
955 2890 1028 2951 quae
1043 2868 1186 2932 consistit
1208 2868 1240 2931 in

289 2970 412 3033 actione
433 2968 617 3052 gratiarum.
664 2967 833 3031 Beneficiis
847 2970 930 3030 enim
954 2970 1113 3034 continuis
1135 2982 1242 3053 grates

288 3080 413 3153 oportet
429 3068 480 3153 agi
496 3081 667 3154 perpetuas
681 3081 713 3132 et
736 3067 913 3131 devotionis
928 3091 1046 3133 munus
1067 3071 1155 3156 quod
1179 3094 1239 3136 usu

286 3168 415 3232 retineri
439 3190 500 3230 non
523 3180 638 3252 potest,
659 3169 753 3233 debet
777 3168 958 3254 accipientis
980 3170 1139 3235 memoriae
1160 3171 1241 3235 inse-

287 3267 470 3353 parabiliter
492 3268 623 3331 couniri.
670 3273 743 3333 Hoc
766 3285 813 3334 est
837 3270 923 3355 quod
946 3271 1072 3335 interim
1095 3295 1238 3356 possum,

286 3378 457 3451 expectans
467 3379 497 3430 et
510 3368 728 3433 indubitanter
742 3393 871 3456 sperans
883 3394 902 3434 a
917 3372 1057 3434 Domino
1071 3370 1156 3456 quod
1172 3394 1237 3455 pax

285 3467 423 3532 ecclesiae
438 3468 673 3550 ,reformabitur
699 3471 793 3535 citius
815 3495 913 3558 quam
935 3470 1088 3556 suspicari
1113 3474 1235 3556 possint

285 3569 456 3634 adversarii
477 3570 554 3655 ejus,
572 3582 602 3635 et
626 3572 714 3657 quod
736 3596 795 3637 nos
813 3574 958 3637 debitum
982 3585 1014 3637 et
1037 3570 1094 3635 diu
1117 3572 1239 3637 deside-

284 3683 388 3734 ratum
403 3670 498 3733 officii
520 3674 742 3738 commercium
766 3674 806 3737 ad
830 3673 965 3737 invicem
987 3677 1162 3758 poterimus
1182 3696 1238 3735 ex-

282 3792 397 3834 ercere.
443 3774 511 3834 Nec
526 3772 680 3836 movearis
695 3773 735 3836 ad
759 3772 882 3838 litteras
904 3796 983 3859 quas
1005 3786 1116 3837 contra
1137 3770 1237 3833 eccle·

282 3871 362 3935 siam
377 3869 473 3932 emuli
485 3871 553 3952 ejus
564 3895 583 3933 a
595 3872 668 3935 sede
682 3873 866 3958 Apostolica
876 3875 1028 3957 jactitant
1039 3874 1235 3956 impetratas,

283 3971 359 4056 quia
373 3972 444 4034 Deo
465 3971 657 4055 propitiante
678 3972 710 4035 in
735 3972 882 4057 proximo
904 3973 1074 4037 auditurus
1097 3992 1131 4033 es
1153 3969 1233 4054 quid

280 4084 428 4155 ageretur
443 4085 475 4134 et
497 4071 652 4155 gaudebit
668 4094 722 4135 cor
738 4083 842 4135 tuum.
886 4071 1003 4133 Aderit
1027 4072 1232 4133 moerentium

278 4171 466 4249 consolator,
478 4183 510 4235 et
522 4195 601 4257 quos
612 4171 788 4237 obstinatos
800 4170 967 4247 invenerit,
978 4170 1152 4254 majestatis
1164 4193 1230 4234 suae

279 4269 398 4339 virtute
414 4284 567 4349 conteret,
584 4286 614 4336 et
631 4284 795 4338 exseretur
810 4272 843 4336 in
866 4271 1000 4336 cervices
1023 4271 1231 4341 contumaciae
