3034 5200
317 710 380 767 22⁶2
587 720 723 765 JOANNIS
739 706 1020 764 sanasssnrnnsrs'
1175 704 1220 783 [A.
1238 722 1269 766 u.

320 874 474 958 populum
501 893 593 934 suum
624 894 641 933 a
671 869 819 934 faucibus
838 871 972 934 'tuliani
1002 870 1130 955 eripuit.
1180 873 1273 938 Deus

321 983 405 1036 certe
419 995 458 1035 ex
474 971 539 1036 alto
553 973 717 1057 prospicit,
727 971 786 1057 qui
801 970 918 1035 electos
932 994 1007 1036 suos
1022 994 1119 1057 supra
1134 971 1168 1035 id
1184 973 1271 1059 quod

321 1085 465 1160 possunt,
480 1075 595 1137 tentari
619 1096 681 1136 non
705 1073 858 1159 patietur,
880 1073 921 1137 de
943 1072 1013 1159 ipsa
1032 1073 1215 1158 jucundum
1240 1087 1274 1139 et

320 1174 493 1260 gloriosum
509 1174 654 1238 facturus
669 1176 848 1239 tentatione
863 1186 1066 1260 proventum.

365 1279 413 1341 Ut
442 1290 547 1342 autem
579 1277 822 1341 sollicitudinem
854 1289 943 1341 tuam
973 1301 1013 1341 ex
1043 1278 1152 1364 aliqua
1181 1293 1273 1364 parte

321 1379 476 1464 mitigem,
510 1378 701 1443 Fredericus
740 1378 941 1442 Teutonicus
975 1380 1162 1464 Tyrannus,
1201 1385 1273 1445 Deo

320 1480 525 1567 propitiante,
553 1502 661 1566 pacem
692 1502 765 1544 cum
791 1480 921 1543 ecclesia
950 1480 1095 1545 facturus
1121 1481 1273 1558 creditur,

321 1597 432 1668 petens
447 1594 485 1645 ut
495 1581 596 1645 filium
609 1602 703 1645 suum
719 1594 796 1644 natu
813 1580 1102 1667 secundum,quem
1117 1581 1150 1644 in
1166 1605 1273 1665 regern

321 1682 397 1766 eligi
411 1683 499 1759 fecit,
514 1682 546 1745 in
564 1684 792 1767 Imperatorem
813 1681 945 1766 recipiat
966 1681 1114 1745 dominus
1130 1706 1224 1769 papa,
1242 1695 1274 1748 et

322 1808 341 1849 a
356 1783 518 1849 catholicis
531 1782 686 1868 episcopis
707 1784 872 1869 praecipiat
893 1785 1077 1866 consecrari,
1092 1785 1274 1872 apostolicae

322 1885 389 1951 sedi
414 1885 603 1971 pariturum,
626 1885 705 1948 dum
733 1895 837 1947 tamen
865 1885 1055 1951 Fredericus
1081 1887 1113 1950 in
1139 1909 1275 1973 persona

322 2009 379 2051 sua
401 1986 522 2052 nullum
546 1986 766 2070 apostolicum,
790 1985 849 2049 nisi
865 1986 952 2068 velit,
974 1989 1114 2072 recipere
1136 1988 1274 2074 compel-

321 2087 418 2164 latur,
434 2100 551 2173 praeter
566 2089 698 2150 Petrum
715 2100 745 2150 et
769 2086 858 2163 alios,
875 2088 931 2173 qui
948 2089 980 2152 in
995 2089 1083 2153 coelis
1098 2101 1182 2153 sunt.
1228 2091 1273 2153 Et

321 2189 354 2252 in
369 2188 418 2252 his
433 2187 525 2252 facile
547 2187 725 2267 audiretur,
741 2189 768 2252 si
791 2211 852 2251 non
875 2189 977 2274 pactis
998 2193 1160 2264 insereret,
1182 2201 1218 2253 ut
1240 2190 1272 2254 in
1291 2230 1299 2242 ·

321 2287 476 2376 gradibus
495 2301 527 2353 et
547 2287 763 2373 dignitatibus
786 2292 852 2353 suis
871 2302 1065 2370 remaneant,
1085 2291 1142 2376 qui
1163 2307 1234 2355 sunt
1254 2313 1274 2353 a

321 2389 528 2455 schismaticis
542 2390 761 2456 haeresiarchis
775 2391 914 2455 ordinati
937 2405 969 2456 et
984 2393 1168 2456 consecrati.
1202 2395 1273 2458 Stat

320 2491 353 2556 in
368 2492 428 2556 hoc
437 2492 558 2557 calculo
573 2491 611 2556 lis
625 2492 741 2570 adhuc,
752 2492 806 2556 sed
820 2506 957 2579 utraque
967 2517 1042 2580 pars
1057 2517 1096 2557 ex
1111 2494 1275 2580 aliquibus

321 2591 418 2679 signis
439 2593 472 2657 in
495 2592 631 2680 quadam
656 2592 819 2679 petitionis
839 2606 930 2679 parte
949 2593 1040 2658 alteri
1063 2616 1189 2659 cessura
1208 2616 1275 2658 esse

320 2696 535 2782 praesumitur.
580 2696 672 2773 Quod
696 2695 822 2782 plenius
844 2696 1030 2773 innotescet,
1053 2719 1167 2781 quum,
1187 2695 1275 2782 quod

320 2799 354 2863 in
377 2800 466 2863 brevi
490 2811 647 2885 speratur,
667 2798 756 2861 verbi
780 2810 1000 2883 procuratores
1022 2798 1132 2882 hujus,
1157 2798 1276 2863 Cister-

321 2900 429 2964 tiensis
444 2914 475 2964 et
492 2897 768 2966 clare-Vallensis
783 2899 914 2963 abbates
929 2899 970 2962 ab
985 2898 1115 2963 ecclesia
1132 2897 1277 2962 Romana

322 3001 482 3067 redierint.
528 3003 636 3064 Pauca
650 3000 837 3064 familiarius
861 3001 963 3075 Lator
983 3000 1186 3086 praesentium
1202 3023 1275 3087 pro·

322 3114 484 3185 sequetur,
510 3102 600 3188 cnjus
629 3123 737 3164 curam
769 3123 881 3186 precor
906 3101 1016 3165 haberi
1042 3101 1149 3178 facias,
1176 3100 1276 3164 donec

321 3202 531 3276 convalescat,
554 3203 586 3266 in
610 3225 675 3288 quo
697 3215 730 3267 et
751 3202 882 3266 fratrem
906 3226 1024 3283 meum,
1046 3202 1155 3290 quoad
1177 3200 1277 3266 medi-

321 3304 423 3368 cinam
446 3304 595 3388 pertinet,
617 3304 785 3369 sollicitum
810 3328 876 3370 esse
899 3305 1053 3371 desidero.
1099 3307 1206 3382 Quum
1229 3326 1277 3367 re-

323 3407 390 3471 latu
406 3404 503 3489 digna
522 3406 719 3483 emerserint,
735 3430 772 3471 ea
786 3408 913 3472 favente
937 3412 1007 3473 Deo
1027 3408 1068 3473 ad
1084 3419 1170 3471 tuam
1188 3404 1276 3469 citis·

324 3506 401 3572 sime
412 3506 555 3571 notitiam
569 3508 779 3592 perferentur.
810 3508 899 3586 Vale,
912 3523 942 3574 et
956 3524 1084 3575 tuorum
1096 3504 1276 3571 memineris

324 3623 397 3675 ante
412 3613 528 3675 Deum.

321 3842 544 3905 EPISTOLA
567 3841 842 3905 conclu-m
858 3859 1012 3904 nonnum.
1046 3838 1090 3918 [Α.
1103 3859 1133 3901 1).
1153 3838 1261 3918 1170.]

449 4009 624 4073 Baldwino
638 4009 819 4071 Euonr'ensa'
833 4008 1057 4070 archidiacono
1070 4008 1104 4070 J.
1121 4006 1157 4070 S.

367 4136 485 4197 Mrrro
508 4131 567 4196 tibi
589 4130 711 4196 litteras
736 4153 817 4217 quas
839 4128 968 4192 domino
991 4130 1146 4194 Cantuar.
1170 4127 1278 4192 nuncii

325 4234 375 4298 sui
397 4258 416 4297 a
438 4234 524 4296 curia
548 4255 649 4316 nuper
672 4232 836 4310 miserunt,
858 4254 897 4293 ex
922 4229 1043 4313 quibus
1064 4254 1131 4296 esse
1154 4230 1279 4294 cautior

327 4334 457 4417 poteris,
493 4346 528 4395 ut
567 4355 628 4394 non
664 4332 755 4394 facile
792 4331 877 4395 omni
914 4328 1042 4414 spiritui
1081 4330 1277 4416 adquiescas.
