3034 5200
306 723 369 783 206
563 728 699 776 scaurus
716 724 993 773 saanssnnmnsrs
1163 704 1208 782 [A.
1225 722 1256 765 n.

320 967 542 1034 EPISTOLA
570 963 924 1030 cmxxxvi-n>
938 977 1095 1024 cornuam
1113 975 1241 1022 nrcrav.

540 1083 739 1129 narscorun.
778 1063 822 1143 [n.
838 1082 869 1124 n.
889 1057 997 1140 usa]

474 1251 600 1313 Joaant
614 1249 801 1313 Plataeensi
815 1245 979 1329 Episcopo
1001 1246 1033 1308 J.
1047 1245 1080 1308 S.

348 1381 505 1446 Gaaums
527 1390 575 1443 est
596 1376 685 1463 apud
714 1399 772 1440 nos
800 1377 982 1460 expectatio
1003 1374 1257 1460 praestolantium

304 1482 383 1570 quid
398 1480 543 1566 paritura
558 1478 597 1544 sit
613 1477 741 1543 collatio
756 1476 887 1542 illustris
902 1479 987 1560 regis
1001 1477 1099 1560 Angl.
1121 1488 1153 1540 et
1169 1499 1258 1542 sanc-

304 1596 412 1649 torum
436 1580 795 1654 Grandimontanorum,
817 1578 873 1665 qui
900 1578 1021 1643 utinam
1043 1601 1103 1664 pro
1131 1578 1261 1643 celebri-

304 1698 371 1752 tate
392 1684 539 1759 nominia,
555 1704 650 1768 quam
666 1682 698 1745 in
720 1680 851 1744 ecclesia
865 1680 928 1745 Dei
951 1678 1057 1744 subito
1071 1680 1156 1744 nacti
1171 1692 1258 1761 sunt,

304 1807 413 1871 pacem
429 1783 567 1848 ecclesioe
582 1782 731 1847 studeant
745 1803 926 1866 procurare.
972 1780 1159 1846 Creduntnr
1173 1782 1256 1845 enim

304 1885 460 1951 talentum
489 1883 602 1969 gratim
624 1882 803 1968 principum
826 1883 859 1945 in
890 1894 1015 1946 tanturn
1044 1883 1195 1946 meruisse
1224 1896 1257 1948 et

304 1984 481 2073 percepisse
502 2006 521 2048 a
543 1985 694 2056 Domino,
718 1994 756 2047 ut
771 1981 965 2068 dispensatio
986 2005 1156 2066 regnorum
1176 2006 1257 2068 qua·

305 2100 399 2153 tenus
424 2085 484 2171 ipsi
510 2082 709 2171 permiserint
735 2104 843 2146 eorum
869 2087 1088 2149 committatur
1113 2083 1257 2150 arbitrio.

305 2189 407 2252 Fama
422 2186 448 2250 si
463 2184 590 2270 quidem
606 2195 809 2269 praeconatur
823 2183 910 2269 quod
931 2185 963 2248 in
979 2207 1089 2249 eorum
1108 2186 1257 2250 manibus

305 2300 381 2355 sunt
395 2285 524 2352 consilia
537 2298 569 2351 et
584 2307 682 2371 opera
695 2306 817 2370 regum.
841 2283 925 2362 Quia
933 2307 1010 2370 ergo
1021 2308 1077 2349 vos
1087 2287 1260 2352 eorundem

305 2402 486 2456 sanctorum
503 2411 565 2452 nou
577 2386 693 2452 dubito
701 2399 868 2467 amatores,
879 2400 911 2453 et
925 2387 1097 2453 familiares
1108 2411 1175 2452 esse
1185 2412 1259 2454 eon·

303 2489 382 2569 fido,
397 2501 518 2575 quanta
531 2510 661 2575 possum
676 2509 789 2574 precor
801 2488 951 2554 instantia
966 2491 1118 2575 quatinus
1133 2513 1186 2554 eos
1200 2513 1258 2577 per

304 2591 440 2679 gratiam
470 2591 561 2657 vobis
589 2589 745 2658 divinitus
766 2591 914 2656 collatam
936 2591 1080 2657 adhibita
1101 2596 1188 2658 omni
1211 2593 1259 2658 di.

303 2693 436 2779 ligentia
457 2692 613 2770 animetis,
636 2692 720 2757 utin
741 2692 901 2778 colloquio
919 2693 1007 2780 quod
1028 2716 1101 2757 cum
1124 2695 1258 2780 praefato

303 2817 379 2882 rege
394 2795 536 2860 habituri
552 2805 638 2871 sunt,
654 2796 680 2859 si
701 2806 805 2859 tamen
827 2794 968 2858 noudum
990 2794 1259 2875 celebratum-est,
1297 2832 1300 2837 ·

302 2897 498 2983 prospiciant
510 2894 727 2962 ecclesiasticae
744 2896 828 2980 paci,
841 2918 914 2981 quae
929 2897 1001 2962 Deo
1018 2908 1099 2961 teste
1112 2897 1175 2982 ipsi
1190 2897 1257 2983 regi

304 2998 399 3084 longe
420 2998 480 3062 erit
502 2996 625 3073 utilior,
648 3020 745 3083 quam
774 2997 839 3063 illis
867 2998 925 3084 qui
955 3020 988 3062 se
1009 3012 1042 3063 et
1072 3022 1130 3063 sua
1151 2998 1258 3063 omnia

303 3100 446 3184 gaudent
468 3099 650 3184 exposuisse
671 3121 732 3184 pro
756 3098 895 3164 Christo.
942 3099 1015 3164 Sive
1037 3100 1120 3163 euim
1136 3100 1258 3181 vivant,

305 3201 371 3265 sive
391 3202 580 3280 moriantur,
600 3201 730 3266 Domini
754 3213 840 3276 sunt,
864 3214 897 3266 ct
919 3201 1095 3267 secundum
1110 3202 1257 3268 multitu·

305 3300 412 3364 dinem
434 3297 579 3362 laborum
595 3311 626 3363 et
647 3299 805 3380 dolorum,
827 3301 944 3385 quibus
967 3302 1008 3365 ad
1026 3302 1186 3368 modicum
1202 3302 1258 3367 fla-

303 3400 476 3487 gellantur,
492 3398 718 3463 consolationes
732 3401 802 3485 ejus
817 3415 985 3486 expectant
996 3404 1029 3468 in
1044 3404 1259 3469 misericordia

305 3501 408 3566 uberi.
454 3498 543 3573 Quid
573 3511 680 3564 autem
703 3501 830 3586 ajusto
847 3502 968 3587 judice,
993 3507 1087 3591 cujus
1110 3506 1258 3571 voluntas

305 3602 533 3691 omnipotentia
558 3614 618 3679 ast,
641 3602 771 3688 poterit,
796 3602 856 3668 nisi
881 3605 1047 3690 poeniteat,
1062 3611 1255 3694 expectare?

305 3706 363 3791 qui
391 3705 492 3790 gratis
513 3702 715 3790 persequitur
736 3716 769 3768 et
799 3716 927 3791 torquet
948 3709 1154 3773 innocentes?
1184 3710 1257 3773 Aut

305 3805 376 3892 quis
401 3809 462 3870 erit
485 3805 682 3891 poenitentiae
706 3806 846 3883 fructus,
872 3807 933 3872 nisi
955 3809 1050 3872 corde
1071 3808 1208 3872 contrito
1223 3821 1256 3873 et

305 3907 472 3972 humiliato
501 3907 690 3972 confiteatur
724 3909 863 3994 culpam,
894 3922 1062 3993 componat
1093 3908 1255 3991 injuriam,

304 4007 421 4071 damna
435 4028 494 4091 pro
507 4006 660 4072 facultate
682 4011 842 4084 resarciat,
864 4021 895 4072 et
912 4006 1024 4072 similia
1044 4005 1077 4068 iu
1092 4019 1254 4092 posterum

304 4133 415 4176 cavere
429 4108 587 4195 disponat.
647 4107 680 4172 Si
695 4131 771 4173 vero
789 4110 954 4174 memorati
974 4108 1073 4173 sancti
1089 4121 1178 4175 tanto
1198 4111 1255 4176 do·

304 4215 401 4290 mino,
422 4222 487 4274 tam
504 4212 624 4274 sincero
643 4209 755 4289 amico,
772 4212 848 4276 victi
863 4234 918 4298 spe
928 4211 976 4275 vel
994 4210 1106 4277 timore
1118 4214 1253 4280 dicenda

303 4313 471 4389 tacuerint,
494 4312 566 4397 quis
587 4334 658 4377 eum
682 4312 722 4376 de
737 4328 852 4379 caetero
874 4326 992 4380 statuet
1015 4329 1127 4381 contra
1141 4317 1252 4382 faciem
