3034 5200
290 718 354 778 252
568 727 704 774 ioannis
720 724 1000 771 saansaunrunsu
1149 705 1194 784 [Α.
1213 725 1243 768 o.

290 879 349 944 nisi
364 879 445 942 forte
465 878 623 966 quispiam
646 888 837 942 sectatomm
860 875 979 942 Christi
998 885 1087 939 tanta
1106 874 1147 938 sit
1164 874 1245 938 cari·

289 994 354 1047 tate
369 1003 538 1046 succensus
552 993 588 1045 ut
603 980 822 1045 universorum
838 978 950 1043 subeat
965 999 1073 1056 onera,
1085 988 1117 1056 et
1134 989 1245 1042 uratur

288 1085 322 1149 in
337 1083 486 1148 scandalo
507 1081 733 1168 proximorum.
782 1081 825 1145 Et
845 1080 920 1167 quia
935 1079 1023 1144 vobis
1037 1079 1078 1142 de
1099 1078 1243 1164 passione

289 1186 418 1271 gloriosi
433 1183 583 1271 martyris
605 1184 738 1249 Thomas
754 1183 992 1249 Cantuariensis
1005 1180 1244 1267 archiepiscopi,

291 1287 345 1374 qui
375 1308 437 1349 non
468 1287 562 1350 modo
592 1285 753 1349 ecclesiam
786 1282 957 1370 propriam,
986 1283 1042 1347 sed
1072 1296 1243 1368 utramque

256 1444 261 1451 ,
291 1392 486 1476 provinciam
510 1388 688 1472 Anglorum
717 1387 878 1450 miraculis
904 1385 1014 1449 multis
1039 1400 1071 1449 et
1098 1385 1244 1448 maximis

292 1492 435 1568 irradiat,
451 1506 594 1555 constare
611 1513 671 1554 non
695 1490 822 1566 dubito,
838 1491 870 1553 in
894 1512 930 1552 ea
952 1510 1014 1551 non
1037 1487 1143 1552 censui
1166 1487 1244 1551 mihi

293 1594 417 1659 diutius
442 1594 694 1658 immorandum:
726 1593 903 1680 praesertim
930 1614 1030 1678 quum
1058 1604 1089 1654 et
1117 1604 1245 1677 tempus

292 1699 449 1763 scribendi
465 1700 562 1763 breve
577 1699 628 1778 sit,
643 1715 685 1772 et,
704 1710 739 1761 ut
763 1700 874 1783 opinor
891 1697 958 1782 jam
976 1696 1113 1780 fereper
1134 1695 1243 1759 orbem

295 1801 449 1865 Latinum
465 1822 504 1864 ex
521 1799 671 1864 relatione
694 1798 904 1882 plurimorum
921 1798 961 1862 sit
977 1810 1051 1860 nota
1066 1809 1097 1860 et
1113 1796 1247 1881 vulgata

293 1903 433 1967 materia.
482 1903 555 1966 Hoc
572 1919 676 1965 tamen
696 1901 728 1963 in
752 1913 842 1965 tanto
863 1899 980 1964 divinae
1003 1898 1246 1984 dispensationis

294 2025 424 2066 munere
446 2001 603 2066 silendum
626 2024 777 2064 essenon
800 2000 932 2079 credidi,
952 2000 1039 2086 quod
1063 1999 1103 2062 ad
1128 2000 1190 2064 Dei
1213 2012 1244 2063 et

294 2107 443 2189 martyris
470 2103 520 2167 sui
546 2102 678 2185 gloriam
706 2102 843 2167 universi
869 2103 1035 2166 mirantur.
1093 2101 1176 2180 Quia
1201 2102 1247 2166 sic

293 2227 401 2268 omnes
415 2203 661 2267 circumstantia
680 2216 873 2268 concurrunt
896 2205 928 2267 in
952 2227 1052 2289 agone
1074 2203 1245 2291 pontificis,

294 2320 332 2369 ut
354 2304 502 2391 patientis
524 2303 654 2369 titulum
677 2318 834 2391 perpetuo
856 2305 1063 2385 illustrarent,
1085 2319 1117 2371 et
1143 2329 1247 2392 perse-

293 2407 461 2494 quentium
477 2407 652 2473 revelarent
664 2407 872 2494 impietatem,
883 2421 913 2474 et
927 2432 1038 2472 nomen
1054 2412 1246 2496 sempiterno

295 2510 489 2574 macularent
511 2511 694 2596 opprobrio.
742 2511 775 2577 Si
799 2512 880 2575 enim
906 2535 1054 2597 personas
1076 2511 1149 2575 hinc
1173 2511 1249 2576 inde

293 2614 411 2679 intueri
435 2625 467 2680 et
493 2615 598 2679 metiri
626 2615 790 2701 placuerit,
814 2617 951 2680 occurrit
981 2616 1053 2680 binc
1080 2616 1248 2700 religiosus

294 2716 560 2802 archiepiscopus,
573 2716 810 2782 Britanniarum
827 2717 955 2803 primas,
969 2718 1052 2783 sedis
1067 2718 1249 2804 apostolicae

296 2818 430 2904 legatus,
449 2818 552 2903 judex
568 2818 867 2904 incorruptissimus,
885 2833 996 2905 utpote
1021 2843 1078 2883 nec
1101 2831 1249 2905 acceptor

295 2942 500 3007 personarum
514 2941 571 2985 nec
583 2943 763 2996 munerum,
776 2935 912 2986 assertor
926 2921 1143 2986 ecclesiastica
1155 2922 1251 2985 liber-
1313 2944 1315 2947 ·

296 3020 382 3097 tatis,
394 3032 426 3084 et
441 3020 530 3105 quasi
547 3021 645 3085 turris
655 3032 759 3085 erecta
774 3020 806 3084 in
822 3020 1000 3085 Jerusalem
1014 3035 1126 3087 contra
1136 3020 1248 3085 faeiem

298 3122 458 3201 Damasci,
469 3122 601 3186 malleus
611 3122 794 3208 impiorum,
807 3122 861 3186 sed
877 3146 1054 3209 pauperum
1067 3137 1099 3189 et
1115 3146 1246 3187 maeren-

295 3222 376 3286 tium
392 3222 578 3287 consolator.
623 3224 746 3288 Viderit
769 3225 826 3309 qui
841 3227 976 3306 noverit,
991 3229 1065 3311 quis
1084 3250 1102 3289 e
1119 3227 1248 3310 regione

295 3319 456 3408 procedat.
503 3325 547 3385 Et
575 3322 600 3384 si
627 3345 722 3386 causa
747 3337 919 3409 martyrem
943 3327 1030 3403 facit,
1053 3327 1139 3411 quod
1168 3328 1249 3390 nulli

296 3435 416 3489 rectum
439 3422 573 3507 sapienti
597 3422 682 3485 venit
705 3425 737 3486 in
761 3424 909 3506 dubium,
924 3428 1000 3511 qnid
1019 3427 1151 3511 justius,
1168 3427 1247 3510 qnid

298 3524 435 3591 sanctius
464 3547 561 3590 causa
589 3525 681 3611 ejus?
722 3524 780 3611 qui
808 3548 885 3610 opes
915 3542 947 3591 et
976 3550 1100 3590 omnem
1135 3530 1248 3593 mundi

297 3628 441 3716 gloriam,
467 3626 525 3713 qui
550 3626 722 3691 amicorum
749 3640 781 3692 et
809 3629 908 3693 totius
933 3630 1130 3715 cognationis
1157 3631 1250 3696 affec-

298 3733 414 3797 tionem
430 3753 490 3817 pro
505 3729 625 3795 Christi
641 3752 747 3794 amore
762 3746 974 3809 contemnens,
987 3732 1116 3797 exilium
1136 3735 1246 3807 subiit,

299 3859 331 3899 se
353 3846 385 3898 et
408 3856 480 3899 suos
501 3856 609 3897 omnes
631 3836 778 3919 exposuit
804 3834 965 3919 periculis,
988 3850 1019 3899 et
1046 3837 1247 3922 paupertati:

299 3936 354 4022 qui
370 3934 509 4021 prolege
524 3935 586 3998 Dei
602 3935 650 3999 sui
667 3934 787 3999 tuenda
801 3949 832 4000 et
844 3937 1034 4001 evacuandis
1045 3938 1251 4002 abusionibus

301 4057 440 4102 veterum
460 4050 666 4123 tyrannorum
683 4037 817 4102 certavit
832 4061 935 4123 usque
950 4039 989 4102 ad
1009 4052 1162 4103 mortem:
1195 4061 1252 4101 nec

299 4141 330 4202 in
360 4139 467 4226 aliqua
496 4140 700 4225 obligatione,
730 4153 899 4227 postquam
930 4141 1024 4204 semel
1055 4141 1162 4227 lapsus
1192 4154 1251 4216 est,

299 4253 413 4325 captus
437 4241 653 4306 insidiantium
682 4243 767 4321 dolo,
793 4242 900 4306 induci
931 4242 1037 4328 potuit
1066 4256 1100 4307 ut
1127 4234 1255 4326 aliquid

300 4360 409 4402 eorum
433 4364 506 4425 quae
521 4342 561 4406 ab
576 4343 645 4426 ipso
660 4342 873 4427 exigebantur
895 4344 1109 4429 promitteret,
1125 4342 1200 4429 quin
1217 4342 1249 4404 in
