3034 5200
283 736 392 821 lira]
681 753 857 798 arrsrorn.
1168 739 1231 796 277

276 921 393 972 vestrae
404 908 552 994 perficere
563 903 651 992 quod
662 927 718 989 per
730 927 785 966 vos
801 916 866 967 tam
876 902 1079 967 laudabiliter
1090 916 1230 989 coeptum

278 1023 337 1085 est,
354 1022 384 1074 et
400 1008 568 1094 providere
584 1029 649 1093 quo
663 1005 758 1068 modo
768 1006 954 1067 maturitate
969 1002 1114 1066 adhibita
1128 1007 1229 1086 possit

280 1125 409 1197 accepta
424 1109 622 1196 plenitudine
643 1106 821 1192 potestatis
844 1105 961 1169 divinae
981 1103 1153 1168 vocationis
1176 1103 1233 1165 im-

278 1212 365 1300 plere
389 1235 514 1275 munus.
539 1211 612 1274 Erit
629 1214 725 1286 enirn,
748 1209 943 1295 propitiante
960 1209 1042 1287 Deo,
1056 1205 1234 1270 firmissima

279 1314 426 1380 columna
448 1315 480 1377 in
495 1313 591 1376 domu
615 1312 755 1387 Domini,
779 1323 811 1374 et
827 1324 891 1373 tam
907 1310 1046 1396 propriae
1067 1330 1162 1395 quam
1178 1306 1234 1370 ali-

280 1437 369 1481 arum
387 1415 589 1478 ecclesiarum
606 1412 807 1476 necessitates
822 1411 993 1474 fortissime
1009 1408 1188 1474 sustinebit.

281 1672 503 1735 EPISTOLA
527 1671 796 1734 eccm-ro)
811 1685 1028 1730 nunantnuu
1045 1687 1230 1731 osrmnsam

530 1789 724 1834 nrrscoruu.
774 1769 859 1848 [au.
880 1769 986 1849 lira]

290 1889 469 1952 Venerabili
479 1889 619 1951 Domino
634 1894 664 1949 et
680 1889 777 1950 Patri
787 1888 953 1949 canonino
966 1888 1034 1949 Hn.
1047 1887 1112 1949 Dei
1120 1891 1234 1967 gratia

327 1991 466 2052 Ostiensi
481 1991 639 2070 Episcopo
649 1989 682 2050 J.
699 1989 737 2050 de
751 1989 827 2052 Sar.
844 1987 978 2050 salntem
994 1995 1024 2049 et
1030 1987 1136 2068 plene
1147 1988 1235 2049 devo-

324 2092 419 2152 tionis
435 2091 593 2171 obsequio.

327 2207 492 2270 Vunuuun
507 2219 628 2269 tantam
641 2204 760 2291 alloqui
773 2207 982 2290 majestatem,
993 2205 1052 2268 nisi
1065 2229 1115 2268 me
1130 2217 1235 2268 vestra

281 2307 459 2391 benignitas
470 2306 633 2384 relevaret,
643 2321 674 2370 et
687 2311 841 2369 animaret
852 2306 892 2370 ad
904 2307 1038 2370 verbum
1055 2307 1141 2371 illius
1151 2331 1234 2370 verae

286 2409 427 2473 caritatis
444 2408 620 2471 recordatio
635 2430 731 2492 quam
747 2430 815 2492 prae
831 2409 953 2471 caeteris
967 2409 1033 2471 fere
1048 2408 1237 2472 mortalibus

285 2509 326 2573 ad
343 2521 486 2572 sanctum
503 2521 580 2572 tunc
595 2508 815 2586 confessorem,
830 2531 914 2572 nunc
928 2508 1100 2593 gloriosum
1118 2521 1236 2593 marty-

284 2635 348 2677 rem
366 2611 532 2690 habuistis,
548 2611 599 2674 cui
616 2633 665 2673 me
680 2632 738 2697 pro
755 2610 901 2676 libertate
916 2611 1053 2676 ecclesiae
1069 2615 1235 2674 coexulare

283 2714 393 2776 divina
422 2712 496 2776 fecit
527 2712 750 2777 misericordia.
818 2717 889 2776 Hac
919 2713 1037 2776 fiducia
1067 2712 1236 2776 roboratus

283 2814 386 2879 audeo
406 2814 567 2878 sanctitati
588 2828 702 2877 vestrae
717 2814 872 2879 attentius
892 2813 1110 2878 commendare
1131 2815 1233 2876 virum

282 2914 494 3002 proculdubio
518 2914 798 2978 commendabilem
823 2913 894 2979 Ric.
917 2916 1060 2978 Winton.
1085 2914 1233 2985 electum,

284 3018 378 3101 cujus
398 3016 566 3079 facultates
589 3030 662 3079 sunt
684 3039 852 3100 egenorum
865 3016 1016 3095 subsidia,
1032 3015 1236 3080 ecclesiarum

284 3116 465 3180 consolatio
512 3118 616 3201 Cujus
642 3129 782 3202 potestas
811 3118 989 3204 iniquitatis
1018 3117 1239 3182 exterminatio

284 3231 342 3295 est,
357 3231 389 3280 et
400 3216 535 3300 justitiae
551 3219 795 3283 firmamentum.
842 3222 875 3283 ls
887 3234 976 3285 tanta
986 3220 1150 3283 affectione
1162 3221 1239 3283 ami-

284 3341 357 3382 cum
374 3331 513 3382 vestrum
529 3319 701 3403 gloriosum
725 3333 897 3406 martyrem
920 3322 1042 3388 Christi
1062 3322 1179 3407 diligit,
1200 3334 1236 3386 ut

286 3441 317 3481 se
333 3416 417 3481 illius
432 3418 630 3484 constituerit
647 3442 786 3497 servum,
802 3433 839 3484 ut
854 3421 998 3485 alumnos
1014 3424 1071 3507 qui
1086 3424 1179 3488 multi
1195 3424 1237 3487 ad

285 3541 358 3582 eum
368 3518 534 3582 confluunt
546 3520 578 3583 in
592 3524 656 3584 suis
668 3522 910 3588 necessitatibus
920 3523 1112 3600 consoletur,
1121 3537 1153 3586 et
1162 3546 1236 3586 eum

285 3643 343 3706 pro
359 3621 481 3685 viribus
496 3621 622 3685 studeat
634 3621 761 3687 imitari.
809 3623 993 3687 Sanctitatis
1004 3623 1113 3707 itaque
1124 3635 1236 3686 vestrae

284 3722 420 3807 pedibus
440 3726 628 3807 provolutus
651 3748 721 3786 meo
743 3737 776 3787 et
798 3747 907 3789 eorum
931 3725 988 3810 qui
1010 3723 1101 3786 nobis
1123 3747 1237 3788 coexu-

284 3822 431 3885 laverunt
456 3826 583 3886 nomine
605 3846 717 3908 precor
743 3824 908 3901 attentius,
934 3823 1086 3910 quatinus
1111 3826 1238 3910 negotia

285 3926 354 4011 ejus
370 3925 414 3988 sic
433 3928 537 4009 gratia
559 3939 664 3991 vestra
685 3943 880 4012 promoveat,
898 3929 976 3991 acsi
996 3950 1067 3991 eum
1089 3928 1238 3993 videretis
1321 3967 1323 3971 f

286 4024 385 4087 sancti
416 4025 552 4088 Thomae
582 4027 717 4109 negotiis
746 4027 958 4092 insudantem.
1003 4030 1086 4091 Nam
1117 4041 1148 4090 et
1170 4028 1237 4114 ipse

286 4147 344 4188 sua
369 4125 485 4204 omnia,
507 4126 603 4189 immo
618 4142 650 4191 et
670 4127 833 4213 seipsum,
853 4128 1076 4212 gloriosissimo
1095 4136 1236 4215 martyri,

286 4247 381 4309 quem
412 4238 580 4310 patronum
605 4228 778 4312 praeelegit,
803 4243 907 4293 mente
936 4230 1138 4295 devotissime
1167 4255 1240 4294 con-

285 4341 430 4392 secravrt.
