3034 5200
285 738 394 816 rma]
672 756 849 800 uersrose.
1178 739 1235 801 161

282 907 469 973 benedictus
492 907 622 971 Domini
649 929 682 970 es
706 919 738 970 et
764 905 886 971 Christi
908 905 1065 982 sacerdos,
1086 905 1182 969 immo
1204 918 1236 970 et

283 1009 430 1076 Christus
444 1009 527 1073 inter
541 1009 623 1073 filios
637 1007 889 1095 patriarcharum
910 1010 965 1091 qui
986 1028 1081 1093 super
1096 1018 1236 1070 montem

282 1111 412 1178 Garizin
439 1111 480 1174 ad
506 1109 756 1175 benedicendum
781 1108 946 1172 constituti
970 1122 1056 1185 sunt,
1079 1131 1236 1193 exequere

280 1213 367 1299 quod
382 1213 548 1276 ordinatus
562 1235 610 1275 es:
626 1210 807 1275 benedicito
822 1209 1019 1295 frequenter,
1030 1209 1085 1273 sed
1099 1209 1235 1273 maxime

281 1313 462 1377 domesticis
484 1311 570 1391 fidei,
589 1310 750 1376 consolare
773 1310 931 1395 dispersos
957 1311 1069 1391 lsrael,
1089 1314 1235 1375 miserere
1314 1357 1317 1362 ·

282 1430 472 1494 pauperum,
493 1407 691 1472 communica
712 1408 962 1493 proscriptorum
984 1412 1233 1475 necessitatibus.

283 1515 328 1574 Et
346 1521 380 1573 ut
396 1511 437 1573 ab
453 1508 598 1594 apostolo
617 1508 768 1584 didicisti,
784 1509 993 1575 ministerium
1017 1525 1109 1576 tuum
1125 1511 1234 1596 imple,

282 1632 407 1673 omnem
435 1609 641 1695 quantaelibet
662 1608 860 1674 difficultatis
882 1611 1065 1689 articulum,
1087 1613 1111 1676 si
1135 1612 1175 1675 de
1197 1635 1236 1675 eo

283 1712 416 1776 confidis
430 1711 589 1798 expediet,
603 1710 658 1794 qui
670 1711 809 1775 Abrahae
820 1710 920 1776 lilium
940 1713 1074 1777 hostiam
1089 1713 1235 1777 offerenti

284 1815 412 1878 arietem
429 1813 594 1879 substituit
609 1811 847 1878 immolandum.

361 2117 580 2181 EPISTOLA
604 2114 877 2180 conum-sn
892 2134 1098 2182 wrmssuuu
1117 2137 1159 2180 nn

526 2237 735 2281 uonrusnns.
772 2217 816 2296 [s.
830 2237 861 2282 n.
880 2219 988 2300 1168]

499 2376 587 2439 Idem
606 2377 760 2439 Willelmo
774 2377 814 2439 de
828 2377 1019 2440 Nordlrullu.

327 2512 443 2574 Soran
457 2508 555 2572 moris
565 2521 616 2572 'est
632 2521 669 2572 ut
684 2509 893 2574 invalescente
914 2511 1048 2596 strepitu
1065 2511 1114 2573 vir
1128 2509 1235 2594 gravis

282 2612 440 2677 silentium
457 2612 640 2676 moderetur
655 2628 686 2675 et
702 2612 817 2676 verba:
842 2624 879 2676 ut
893 2636 951 2677 nec
966 2613 1042 2678 velit
1061 2613 1235 2677 occlamare

282 2714 436 2794 clamosis,
459 2738 515 2778 nec
540 2713 756 2800 garrientibus
779 2716 934 2799 oggarire.
981 2716 1042 2780 Sed
1067 2715 1234 2798 ingruente

283 2818 421 2903 procella
432 2817 569 2882 turbinis
580 2817 664 2881 inter
676 2817 809 2882 tonitrui
821 2818 1054 2882 coruscationes
1064 2830 1095 2881 et
1105 2816 1234 2901 fulgura

282 2919 423 2986 fabulam
440 2920 571 2984 recitare
589 2919 745 2983 dementis
764 2933 824 2996 est,
839 2932 871 2984 et
891 2920 1075 3007 importuna
1094 2918 1233 2983 narratio

282 3023 381 3085 instar
404 3032 451 3083 est
474 3020 602 3083 musicas
624 3020 657 3083 in
679 3020 770 3085 luctu
793 3020 914 3084 funeris
931 3018 1118 3105 joculariam
1144 3043 1233 3084 exer-

282 3122 391 3187 centis.
437 3120 529 3183 Licet
549 3143 625 3205 ergo
645 3136 677 3184 te
696 3120 873 3197 dilexerim,
888 3132 920 3185 et
934 3121 1063 3205 diligam
1081 3146 1146 3208 prae
1161 3147 1233 3189 con-

283 3224 424 3291 sortibus
452 3221 518 3284 fere
547 3221 694 3286 omnibus
731 3222 851 3308 quibus
879 3223 1165 3290 commilitabamus
1199 3228 1231 3292 in

282 3325 386 3389 curia:
410 3335 515 3387 tamen
530 3324 739 3387 invalescente
751 3326 938 3408 tempestate
953 3323 1107 3388 calamum
1124 3331 1232 3394 censui

281 3425 531 3513 reprimendum,
561 3425 618 3511 qui
649 3448 732 3490 nunc
767 3425 1003 3489 detumescente
1033 3429 1171 3511 procella
1199 3432 1232 3495 in

283 3528 482 3594 salutationis
498 3539 530 3591 et
545 3527 829 3614 congratulationis
843 3527 1019 3614 alloquium
1036 3532 1159 3593 solutus
1173 3545 1230 3596 est.

283 3630 425 3695 Ecclesia
438 3652 576 3715 namque
591 3630 631 3693 ab
646 3630 767 3695 oriente
783 3643 926 3694 serenata
940 3641 1005 3692 est:
1029 3640 1062 3692 et
1078 3630 1232 3715 Aquiloni

277 3736 343 3820 jam
367 3732 450 3797 dixit
473 3734 614 3818 Spiritus
635 3746 672 3795 ut
695 3732 821 3795 recedat
843 3754 863 3793 a
885 3742 969 3794 terra
983 3743 1098 3808 vestra,
1117 3734 1231 3804 cedens

281 3848 400 3912 austro,
410 3833 468 3919 qui
481 3836 638 3896 virtutum
654 3831 812 3916 producat
823 3831 926 3910 flores,
937 3844 968 3895 et
980 3834 1121 3899 caritatis
1134 3859 1232 3921 opera

282 3937 436 4023 perducat
456 3934 496 3997 ad
516 3933 669 3996 fructum.
716 3933 848 3997 Interim
870 3933 910 3996 de
930 3943 961 3997 te
981 3946 1013 3998 et
1034 3934 1102 3998 aliis
1123 3938 1232 4001 multis

283 4036 434 4099 sollicitus
445 4037 643 4120 perlatorem
656 4034 872 4119 praesentium,
884 4034 963 4120 quid
975 4034 1061 4119 apud
1075 4049 1105 4098 te
1116 4050 1232 4119 agatur

282 4136 446 4220 explorare
461 4136 596 4214 decrevi,
612 4135 667 4221 qui
683 4148 715 4200 et
732 4149 763 4200 te
779 4135 818 4199 de
834 4148 919 4199 statu
936 4158 1006 4197 meo
1022 4136 1087 4219 (qui
1102 4149 1232 4203 auctore

278 4239 352 4301 Deo
374 4235 476 4300 bonus
503 4240 561 4317 est)
588 4240 706 4322 poterit
732 4237 866 4301 reddere
893 4235 1077 4300 certiorem:
1116 4249 1148 4301 et
1173 4260 1231 4323 per

279 4357 375 4420 quem
399 4333 476 4397 mihi
504 4334 592 4420 quod
613 4335 768 4421 placuerit
793 4334 913 4419 poteris
937 4332 1091 4401 intimare.
1138 4338 1233 4425 Adji-

324 4454 395 4499 von.
418 4454 454 4499 11.
752 4454 779 4497 nr
