3034 5200
290 682 349 740 101
544 696 678 742 tornius
694 694 972 740 sanasnumunms
1139 677 1191 757 {ru
1206 696 1239 739 u·

289 857 463 930 susceptus,
488 859 625 931 aegrotus
647 847 828 912 adversetur
850 847 966 912 medici
990 849 1038 911 sui
1062 848 1239 912 cauterium

289 948 340 1010 vel
355 967 518 1012 caesuram.
563 949 647 1021 Quid
662 969 736 1030 ergo
752 949 779 1010 si
795 948 939 1012 medicus
954 969 1094 1026 manum,
1107 969 1180 1030 quae
1196 947 1239 1011 ad

288 1069 386 1131 opera
399 1051 484 1113 bona
499 1050 554 1113 diu
569 1060 701 1127 aruerat,
716 1049 757 1112 ad
780 1061 906 1133 tempus
918 1049 1032 1112 incidit
1048 1052 1099 1113 rel
1113 1052 1186 1127 un't,
1201 1061 1238 1111 ut

288 1149 400 1212 reddat
419 1161 571 1235 perpetuo
591 1147 775 1213 fortiorem?
814 1151 889 1214 Nou
908 1160 1015 1233 stupet
1029 1149 1070 1212 ad
1090 1151 1160 1212 haec
1181 1150 1237 1232 qui

288 1251 433 1316 Cirillum
460 1253 545 1335 quod
571 1262 620 1315 est
642 1273 772 1314 manum
794 1250 931 1314 debilem
954 1262 1098 1314 curatum
1120 1249 1197 1331 legit
1218 1272 1238 1312 a

284 1352 425 1419 christo.
472 1355 548 1436 lpse
560 1354 644 1417 cuim
661 1365 711 1416 est
725 1353 780 1436 qui
795 1352 932 1436 percutit
946 1363 979 1415 et
992 1364 1096 1429 sanat,
1106 1363 1138 1415 et
1148 1351 1236 1436 quod

288 1456 390 1536 magis
413 1467 462 1519 est
485 1455 605 1519 occidit
631 1466 666 1518 ut
692 1454 840 1517 vivificet.
886 1455 966 1516 Esto
993 1454 1081 1538 quod
1106 1454 1172 1534 regi
1198 1452 1238 1515 sit

289 1558 414 1622 indulta
428 1558 548 1637 dilatio,
561 1581 628 1622 non
647 1569 754 1622 tamen
777 1558 810 1620 in
834 1555 918 1619 diem
941 1566 1073 1635 certum,
1088 1557 1163 1640 quia
1177 1576 1237 1618 nec

288 1661 351 1724 hoc
383 1662 541 1734 asseritur,
568 1660 662 1723 facile
692 1659 809 1741 poterit
838 1659 913 1742 quia
937 1670 1081 1742 speratur
1110 1667 1239 1721 auctore

290 1761 431 1822 Domino
457 1780 561 1823 causae
586 1769 686 1822 status
711 1760 745 1821 in
772 1760 931 1821 meliorem
958 1759 1118 1822 calculum
1143 1759 1237 1821 refor-

288 1861 376 1923 mari.
428 1861 512 1923 Saue
534 1881 596 1923 nec
622 1860 750 1941 ambigo
775 1859 1021 1939 reformandum,
1045 1882 1106 1924 nec
1132 1873 1236 1924 tamen

288 1964 349 2024 hoc
371 1981 529 2044 praesnmo
546 1958 585 2022 de
600 1960 730 2023 homine
754 1960 811 2023 sed
834 1960 875 2024 de
892 1962 950 2024 illo
972 1961 1066 2044 cujus
1087 1961 1236 2043 majestas

287 2074 352 2128 tam
368 2063 487 2126 crebris
502 2074 567 2125 tam
582 2062 768 2143 patentibus
784 2075 973 2145 provocatur
987 2062 1119 2146 injuriis.
1150 2063 1235 2124 Nam

288 2165 481 2249 prosperitas
491 2165 658 2227 stultorum
668 2162 869 2244 perdetillos.
886 2164 981 2237 Quod
992 2185 1065 2228 vero
1074 2162 1236 2246 adjecistis

288 2269 379 2331 illum
401 2268 551 2340 electum,
568 2264 624 2328 sed
648 2274 684 2326 ut
703 2263 845 2327 creditur
859 2269 1028 2350 reprobum
1051 2265 1123 2344 Dei,
1139 2267 1237 2328 benc·

288 2367 462 2430 dictionem
478 2387 497 2428 a
512 2365 643 2428 domiuo
655 2386 741 2448 papa
752 2367 892 2449 potuisse
904 2367 1046 2431 obtinere
1062 2367 1088 2431 si
1104 2368 1236 2431 barbam

287 2469 447 2554 deponere
477 2468 638 2545 voluisset,
667 2467 837 2531 ridiculum
871 2480 930 2548 est,
958 2469 1021 2533 nisi
1050 2469 1128 2533 forte
1158 2470 1237 2534 tanti

287 2573 397 2637 fecerit
410 2573 543 2636 barbam
566 2582 602 2635 ut
623 2567 794 2636 crediderit
814 2572 853 2636 de
875 2593 909 2636 se
931 2572 1017 2657 quod
1034 2571 1075 2637 de
1091 2572 1236 2637 Sausoue

286 2676 410 2759 legitur,
436 2674 512 2759 quia
537 2674 566 2737 ei
593 2674 691 2738 virtus
713 2686 746 2737 et
767 2673 918 2738 fortitudo
944 2685 1068 2738 constet
1092 2675 1126 2736 iu
1152 2676 1236 2757 pilis.

288 2778 456 2856 Caeterum,
479 2775 565 2860 quod
583 2777 669 2840 fama
694 2776 875 2857 divulgante
897 2784 930 2838 et
952 2775 1029 2837 rivis
1050 2777 1236 2839 extantibus

288 2880 481 2961 argumentis
503 2890 612 2942 notum
635 2890 694 2955 est,
708 2876 860 2940 fortitudo
879 2876 948 2960 ejus
969 2876 1003 2939 iu
1025 2876 1144 2940 lumbis
1166 2876 1235 2961 ejus

286 2991 319 3043 et
338 2979 435 3042 virtus
459 2979 491 3041 iu
516 2978 661 3063 nequitia
683 2990 715 3041 et
734 2976 809 3039 dolo
835 2986 867 3039 et
892 2975 1028 3041 audacia
1049 2977 1235 3041 mentiendi.

287 3079 546 3163 Comprehendet
565 3079 724 3142 Dominus
745 3078 909 3162 sapientes
929 3079 964 3142 iu
986 3080 1103 3143 astutia
1123 3101 1181 3144 sua
1202 3092 1235 3145 et

285 3183 326 3246 ad
347 3182 478 3264 gloriam
500 3180 638 3244 nominis
661 3181 710 3242 sui
732 3181 885 3264 expediet
906 3203 1035 3247 causam
1059 3202 1146 3246 suam
1169 3205 1233 3247 non

284 3307 344 3370 per
365 3306 421 3347 eos
446 3284 487 3346 dc
514 3282 630 3367 quibus
656 3303 730 3364 spes
753 3283 932 3347 habebatur
956 3285 1015 3348 sed
1040 3307 1235 3369 quocunque

283 3386 436 3449 miraculo
449 3406 514 3448 suo.
550 3383 634 3445 Nam
650 3391 686 3443 ut
700 3382 853 3463 scriptum
865 3393 923 3459 est,
934 3384 1030 3446 Nova
1043 3385 1127 3446 bella
1138 3386 1235 3465 elegit

284 3488 460 3563 Dominus3
479 3494 585 3569 portas
599 3482 739 3545 hostium
753 3481 823 3564 ipse
838 3482 999 3545 subvertit.
1031 3483 1232 3549 Pharaonem

284 3598 548 3672 expugnaverunt
570 3585 701 3665 culices,
717 3583 813 3648 vidua
835 3584 1030 3664 outonem,
1052 3597 1085 3650 et
1107 3587 1232 3670 pedites

285 3712 391 3771 regem
428 3691 529 3771 Syriae
566 3686 823 3771 potentissimum
859 3687 1009 3768 leguntur
1046 3684 1119 3753 aute
1153 3693 1233 3755 alios

285 3811 495 3873 expugnasse.
541 3791 591 3853 De
618 3788 817 3877 reformanda
837 3809 919 3873 pace
944 3790 1088 3856 ecclesiae
1112 3795 1235 3857 laborat

285 3912 392 3957 comes
408 3890 434 3951 F
435 3890 578 3967 landriae,
595 3912 727 3973 sperans
745 3892 935 3973 interreges
950 3915 983 3955 se
998 3894 1125 3957 facilius
1140 3918 1233 3976 posse

284 4011 485 4077 componere,
500 3990 527 4051 si
548 3989 710 4053 dominum
733 3992 996 4056 Cautuarieusem
1017 3995 1162 4057 habuerit
1176 3995 1233 4057 ad·

257 4098 427 4180 ·jutorem.
472 4094 544 4156 Jam
567 4092 642 4155 inde
665 4095 810 4157 tractavit
832 4115 905 4156 cum
929 4115 1000 4175 rege
1023 4096 1153 4176 Augias,
1175 4119 1231 4179 pro

285 4220 349 4280 quo
366 4196 503 4259 maxime
519 4194 683 4258 sollicitari
705 4194 852 4273 creditur,
867 4208 899 4256 et
914 4194 1175 4260 Cantuarieosem
1192 4200 1233 4263 ad

285 4298 478 4379 colloquium
489 4297 631 4361 secundo
647 4295 801 4371 inritavit,
811 4308 842 4358 et
854 4317 938 4358 nunc
955 4297 1082 4381 quidem
1095 4302 1235 4368 obtinuit
