3034 5200
294 711 402 791 llos]
677 727 854 773 arrsroca.
1185 719 1243 778 135

290 880 419 945 domino
435 877 656 946 cantuariensi
673 877 821 943 scriberet
844 901 959 964 rogans
973 892 1005 945 et
1024 881 1191 946 consulens
1206 894 1242 946 ut

286 984 315 1046 ei
331 983 505 1047 dimitteret
519 982 671 1068 injuriam
685 1003 787 1056 suam,
803 994 835 1045 et
857 982 963 1067 ipsum
986 1006 1005 1046 a
1029 983 1241 1069 suspensionis

289 1083 443 1149 sententia
458 1087 604 1148 relaxans
618 1084 651 1146 in
674 1082 810 1167 gratiam
834 1082 986 1170 reciperet
1001 1097 1033 1148 et
1049 1107 1199 1162 amorem,
1215 1085 1241 1148 si

288 1200 393 1250 tamen
409 1186 438 1249 ei
455 1186 489 1249 in
511 1188 641 1271 propria
664 1206 800 1270 persona
823 1184 862 1248 de
887 1185 1103 1249 satisfactione
1127 1185 1243 1252 suffici-

288 1301 393 1352 entem
417 1285 601 1372 praestiterit
617 1284 809 1361 cautionem,
825 1296 881 1348 ant
903 1284 985 1348 duos
1007 1284 1047 1349 de
1070 1286 1242 1372 majoribus

289 1389 412 1454 clericis
441 1386 579 1451 ecclesiae
607 1409 673 1451 suae
700 1399 846 1472 excepto,
873 1385 992 1450 decano
1022 1387 1243 1465 transmiserit,

289 1495 347 1578 qui
357 1493 481 1577 jurent,
496 1489 646 1576 quoniam
661 1493 831 1574 episcopus
847 1489 891 1553 eis
907 1490 1070 1554 mandavit
1085 1503 1117 1555 et
1132 1502 1243 1576 postea

290 1614 353 1655 non
390 1590 604 1666 demandavit,
635 1590 695 1654 hoc
731 1605 884 1676 praestare
916 1591 1147 1677 juramentum,
1178 1614 1243 1677 quo

291 1692 392 1778 ipsius
415 1691 553 1777 episcopi
577 1690 702 1754 nomine
718 1709 751 1754 et
767 1690 834 1754 vice
851 1691 1022 1778 jurabunt,
1037 1692 1125 1778 quod
1142 1690 1244 1754 archi·

291 1796 440 1879 episcopo
461 1794 501 1857 de
527 1795 725 1858 contumacia
751 1808 783 1859 et
808 1796 927 1881 injuria
953 1796 1132 1861 satisfaciet.
1189 1801 1243 1862 Ex

292 1918 357 1982 quo
379 1895 584 1982 probabiliter
605 1894 712 1979 colligi
737 1909 852 1980 potest,
876 1896 962 1982 quod
989 1896 1137 1962 dominus
1159 1920 1244 1983 papa

291 1999 475 2062 sententiam
502 1998 691 2082 legatorum,
717 2020 784 2082 qua
807 1998 874 2082 jam
906 1998 1027 2063 dictum
1059 2000 1241 2085 episcopum

291 2101 505 2177 absolverunt,
521 2113 577 2163 aut
594 2098 764 2184 ignoravit,
779 2112 835 2163 aut
857 2112 959 2163 ratam
983 2100 1161 2164 habendam
1176 2124 1243 2165 esse

292 2226 353 2267 non
368 2203 514 2267 credidit.
556 2202 748 2266 Obtinuerat
765 2214 871 2265 autem
887 2202 971 2266 idem
989 2204 1154 2289 episcopus
1170 2216 1243 2268 ante

231 2371 236 2378 ,
290 2303 411 2369 litteras
425 2305 492 2369 fere
507 2303 696 2380 consimiles,
712 2327 786 2389 quae
802 2316 907 2367 tamen
923 2308 1027 2390 ipsum
1043 2318 1075 2369 et
1091 2328 1165 2370 suos
1179 2328 1242 2371 non

290 2407 463 2470 onerabant
486 2404 595 2490 aliquo
616 2407 817 2491 juramento:
854 2406 977 2470 aedeis
1001 2408 1143 2471 nondum
1167 2431 1244 2472 usus

293 2518 352 2585 est,
377 2507 428 2570 vel
458 2505 535 2591 quia
559 2508 628 2590 regi
658 2504 901 2591 displicuerunt,
927 2508 976 2570 vel
1008 2509 1085 2593 quia
1113 2509 1245 2574 minoris

293 2607 438 2672 efficaciae
454 2618 611 2693 reputatae
627 2618 709 2672 eunt.
752 2609 854 2686 Quem
871 2632 946 2674 vero
960 2610 1120 2675 calculum
1135 2634 1245 2695 repor-

293 2710 393 2773 taturi
431 2710 494 2774 sint
536 2708 692 2789 alterutri,
729 2710 929 2776 nesciebatur
968 2711 1075 2776 adhuc
1115 2712 1246 2798 quando

289 2833 433 2875 reversus
462 2824 509 2875 est
541 2811 768 2897 praedictarum
798 2814 936 2897 portitor
965 2813 1156 2890 litterarum,
1187 2814 1243 2879 sed

291 2911 439 2976 dominus
457 2935 541 2998 papa
555 2914 714 3000 rescripsit
732 2913 1003 2979 Christianissimo
1018 2915 1085 3001 regi
1101 2939 1132 2979 se
1149 2915 1246 2980 eccle·

293 3013 347 3076 siae
363 3014 424 3078 Dei
439 3026 471 3077 et
487 3037 544 3078 suo
560 3015 782 3079 Cantuarieusi
797 3037 860 3078 non
876 3015 1075 3096 defuturum,
1088 3017 1243 3104 quamdiu

294 3125 417 3197 partem
433 3112 502 3197 ejus
514 3112 640 3199 justitia
654 3114 770 3176 comite
786 3114 902 3196 poterit
918 3116 1093 3183 sublevare.

336 3214 432 3275 Nunc
453 3213 492 3276 ad
517 3235 628 3297 regum
652 3226 832 3278 nostrorum
853 3216 1015 3304 colloquia
1038 3231 1244 3289 transeamus·

296 3312 676 3377 IllustresviriHenricus
685 3314 958 3399 Campanornmet
966 3318 1137 3407 Philippus
1149 3322 1243 3387 Flan-

291 3414 452 3479 drensium
468 3415 599 3479 comites
613 3430 865 3501 procuraverunt
881 3417 912 3482 in
928 3434 1087 3485 conventu
1102 3423 1241 3487 Suessio-

292 3519 380 3581 nensi
394 3539 520 3580 causam
533 3516 617 3601 regis
631 3515 758 3601 Angliae
774 3516 861 3602 apud
874 3517 1182 3585 Christianissimum
1195 3545 1244 3585 re-

293 3641 373 3701 gem,
384 3632 415 3682 et
428 3618 553 3683 tandem
561 3618 659 3703 juxta
671 3640 779 3703 preces
791 3620 956 3682 memorati
967 3619 1050 3702 regis
1063 3621 1244 3705 Anglornm

291 3719 321 3782 in
334 3719 415 3782 hanc
425 3720 559 3782 formam
576 3719 663 3802 pacis
678 3718 848 3783 decursum
863 3731 921 3784 est.
958 3723 1031 3784 Rex
1048 3722 1175 3805 Angliae
1190 3724 1245 3788 de-

291 3820 386 3885 bebat
402 3820 505 3885 redire
520 3820 552 3881 in
569 3818 746 3883 hominium
763 3821 847 3905 regis
868 3822 1025 3899 Franciae,
1042 3835 1074 3886 et
1094 3823 1157 3887 fide
1176 3849 1245 3889 cor-

291 3921 441 4007 poraliter
466 3934 498 3985 et
528 3920 656 4006 publice
686 3920 762 3985 data
791 3944 896 3985 coram
922 3925 1071 3989 omnibus
1101 3926 1244 4007 profiteri

292 4022 378 4107 quod
393 4022 421 4085 ei
436 4036 589 4109 tanquam
611 4021 739 4087 domino
759 4046 818 4087 suo
840 4023 880 4087 de
902 4025 1020 4090 ducatu
1038 4028 1243 4091 Normanniae

294 4123 419 4198 serviet,
443 4124 524 4187 sicut
549 4123 794 4208 praedecessores
815 4125 864 4189 sui
890 4126 987 4189 duces
1011 4144 1244 4191 consueverunt

294 4225 409 4284 servire
421 4224 616 4287 Francorum
629 4225 768 4309 regibus.
799 4226 998 4288 Comitatum
1011 4244 1086 4284 vero
1098 4220 1244 4308 Andega-

296 4344 422 4386 vensem
436 4336 468 4387 et
485 4326 765 4401 Cenomanensem,
777 4337 809 4389 et
821 4323 1005 4388 fidelitatem
1022 4343 1187 4409 procerum
1204 4329 1246 4393 ad
