3034 5200
287 729 347 788 180
556 743 692 787 Joaunrs
707 741 986 786 saarsaaaususrs
1146 726 1190 804 [A.
1208 746 1240 788 n.

285 893 371 956 Petri
388 893 442 978 qui
458 893 518 956 sub
540 905 728 977 tempestate
751 891 911 976 naufragii
932 893 1030 979 hujus
1051 893 1084 956 in
1100 894 1241 978 regenda

283 1015 362 1055 nave
378 992 575 1057 sudaverunt
596 993 637 1056 ad
660 1005 808 1078 optatum
832 995 998 1077 pervenire
1021 1007 1151 1080 portum
1169 997 1238 1082 jam

282 1092 349 1155 fere
364 1094 571 1178 conspicuum
583 1093 634 1158 sit.
682 1097 765 1157 Nam
778 1117 853 1179 quae
864 1095 961 1181 capiti
973 1095 1150 1160 schismatis
1165 1120 1240 1160 con-

281 1194 431 1258 furebant
447 1195 589 1258 membra
610 1209 834 1280 compereunt:
861 1218 964 1281 eoque
980 1197 1100 1260 succiso
1119 1221 1238 1284 corpus

282 1308 387 1360 totum
403 1319 526 1360 necesse
537 1309 584 1360 est
595 1296 734 1361 interire.
757 1295 917 1376 Vidimus,
928 1297 1065 1362 vidimus
1076 1299 1236 1362 bominem

282 1396 340 1481 qui
354 1409 559 1461 consueverat
578 1420 644 1460 esse
667 1397 749 1460 sicut
769 1400 834 1460 Leo
856 1397 888 1459 in
907 1397 1002 1461 domo
1024 1421 1093 1472 sua,
1113 1401 1237 1463 domes-

282 1498 363 1562 ticos
392 1512 536 1562 evertens
558 1511 589 1561 et
611 1499 796 1584 opprimens
820 1498 979 1583 subjectos
1004 1498 1076 1577 sibi,
1099 1499 1236 1564 latebras

282 1622 438 1684 quarere,
459 1617 491 1662 et
510 1611 599 1662 tanto
622 1609 741 1661 terrore
760 1598 898 1674 concuti,
917 1611 953 1663 ut
970 1598 1027 1664 vix
1046 1613 1141 1665 tutus
1156 1614 1237 1664 esset

281 1700 313 1763 in
337 1701 499 1784 angulosis
517 1699 635 1764 abditis
656 1701 729 1762 suis.
778 1696 886 1774 Illum,
903 1698 994 1763 illum
1012 1701 1237 1786 imperatorem

281 1803 338 1888 qui
362 1802 461 1866 totius
483 1801 569 1864 orbis
592 1815 692 1865 terror
721 1800 836 1873 fuerat,
861 1800 983 1864 utinam
1006 1802 1166 1868 vidissetis
1195 1806 1236 1867 ab

284 1904 380 1969 Italia
401 1903 577 1988 fugientem
601 1925 672 1966 cum
696 1902 870 1986 ignominia
892 1903 1096 1990 sempiterna,
1118 1919 1155 1970 ut
1187 1911 1235 1972 ·is

282 2005 437 2070 cautelam
454 2017 603 2090 procuret
619 2017 675 2068 aut
691 2003 815 2068 ruinam
832 2003 890 2090 qui
904 2005 1131 2070 catholicorum
1148 2008 1235 2071 labo-

281 2108 370 2171 ribus
385 2107 578 2171 insultabant
600 2129 638 2169 ex
655 2106 853 2170 successibus
867 2119 906 2180 et¹
920 2106 1028 2171 furore
1042 2110 1119 2194 ejus.
1143 2111 1234 2195 Ergo

281 2223 468 2295 conceptam
484 2209 611 2273 laudem
634 2208 696 2270 Dei
712 2208 804 2271 silere
819 2209 891 2293 quis
905 2209 1047 2294 poterit?
1070 2213 1137 2295 ipse
1149 2214 1233 2276 enim

280 2324 328 2375 est
344 2313 398 2397 qui
409 2310 485 2374 facit
498 2310 654 2373 mirabilia
669 2333 785 2396 magna
800 2310 896 2385 solus,
913 2310 971 2396 qui
982 2311 1160 2377 consolatur
1175 2337 1232 2378 nos

280 2414 314 2479 in
328 2413 414 2478 omni
438 2413 643 2478 tribulatione
664 2427 772 2477 nostra
794 2437 833 2478 ne
855 2437 895 2477 ex
917 2416 1055 2500 acceptis
1077 2416 1234 2481 beneficiis

280 2516 463 2583 hominibus
477 2516 667 2603 obligemur,
690 2518 746 2604 qui
763 2519 792 2580 ei
807 2517 865 2580 soli
883 2517 1036 2583 debemus
1050 2519 1139 2606 quod
1154 2521 1233 2584 vivi·

281 2642 363 2702 mua,
377 2621 588 2696 abundamus,
605 2637 636 2685 et
652 2643 748 2697 nunc,
764 2643 861 2705 quam
876 2621 1039 2704 quondam
1062 2622 1094 2685 iu
1117 2624 1231 2708 patria,

281 2725 383 2809 magis
398 2724 430 2788 in
446 2723 540 2787 exilio
556 2722 758 2785 honoramur.

279 2912 499 2977 EPISTOLA
524 2910 813 2976 comm—an
829 2926 1028 2973 unorsrauu
1044 2928 1228 2975 uroaunuu.

646 3015 691 3094 [a.
703 3031 732 3074 o.
754 3012 863 3090 ilua]

549 3169 641 3228 Idem
657 3166 821 3249 Magistro
837 3165 974 3249 Niqello.

326 3293 563 3360 luruncaruuo
601 3296 741 3359 locorum
773 3320 835 3360 non
866 3300 1057 3386 praejudicat
1087 3302 1171 3377 fidei,
1202 3317 1233 3367 et

280 3396 427 3461 amicitiae
459 3397 572 3461 titulus
605 3396 707 3460 radiat
738 3398 856 3464 clarius
884 3401 915 3465 in
946 3401 1096 3466 adversis.
1143 3404 1231 3469 Licet

280 3510 386 3563 autem
413 3501 480 3587 jam
507 3498 564 3565 sim
595 3498 811 3585 quinquennis
841 3507 931 3580 exul,
962 3517 1005 3579 et,
1036 3503 1123 3588 quod
1153 3505 1231 3568 mihi

278 3601 424 3669 futurum
440 3609 569 3692 gravius
584 3602 788 3668 crediderunt
812 3606 950 3671 ecclesia
973 3618 1229 3690 persequutores,

279 3708 496 3793 proscriptus:
530 3721 634 3771 tamen
660 3730 722 3770 non
746 3720 811 3772 tam
835 3713 930 3794 'super
955 3708 1082 3793 jactura
1104 3710 1232 3792 propria

280 3828 419 3883 moveor,
440 3832 534 3893 quam
559 3814 635 3894 quia
651 3808 683 3884 in
703 3810 841 3874 articulo
859 3807 1052 3873 necessitatis
1074 3809 1139 3872 fere
1159 3834 1230 3874 nos-

280 3920 399 3973 tratum
422 3907 529 3972 nullus
552 3911 608 3993 qui
632 3911 835 3994 naufraganti
861 3911 1000 3975 ecclesiae
1022 3910 1103 3973 ferat
1126 3933 1231 3996 opem.

281 4012 363 4075 Nam
391 4032 489 4097 quum
515 4012 633 4072 multos
655 4009 687 4073 in
713 4031 793 4093 pace
816 4010 896 4074 filios
919 4024 950 4074 et
976 4010 1092 4075 amicos
1114 4014 1230 4079 habere

280 4113 452 4193 videretur,
468 4133 584 4197 eosque
599 4110 698 4174 claros
717 4109 906 4188 eruditione,
923 4123 955 4176 et
976 4112 1116 4199 insignes
1131 4116 1232 4183 virtu-

279 4225 347 4277 tum
361 4215 491 4293 meritis,
506 4238 525 4277 a
539 4213 635 4277 latere
647 4213 717 4299 ejus
731 4212 817 4278 mille
828 4226 860 4278 et
875 4237 894 4277 a
906 4213 1028 4280 dextris
1039 4217 1108 4303 ejus
1123 4218 1231 4284 decem

281 4316 580 4382 milliaceciderunt:
598 4314 692 4399 etqui
702 4315 1232 4405 croceisinduebantur‚amplexati
