3034 5200
281 707 390 786 not]
666 723 844 769 narsronn.
1192 713 1233 770 48

279 876 401 954 tatoris,
425 876 482 939 nbi
507 875 647 939 schisma
669 875 892 940 confirmatum
914 885 975 953 est,
996 885 1166 958 acceptum
1192 877 1233 940 de

278 999 375 1040 manu
387 977 509 1041 domini
520 999 614 1061 papae
630 975 802 1061 reportavit
811 977 1062 1041 saresberiensis
1072 977 1233 1042 Ecclesiae

280 1078 479 1142 decanatum.
524 1078 590 1143 Sed
611 1079 638 1143 si
661 1079 733 1163 quis
755 1099 889 1162 eaquae
912 1079 1026 1140 Romae
1048 1089 1233 1161 gestarunt

278 1177 462 1260 diligentius
477 1181 606 1255 recolat,
617 1180 713 1263 plane
728 1177 851 1242 videbit
865 1179 953 1264 quod
969 1180 1136 1242 Romanus
1150 1202 1232 1264 pon·

278 1280 356 1344 tifex
371 1282 467 1345 etiam
479 1282 714 1345 circumventus
729 1301 860 1344 causam
869 1281 1030 1344 Ecclesia
1045 1288 1078 1344 et
1091 1293 1232 1345 nostram

278 1380 463 1446 fidelissime
485 1384 674 1467 procuravit.
722 1383 796 1446 Jam
823 1381 930 1445 dictus
953 1383 1041 1445 enim
1067 1382 1233 1447 ‚lohannes

278 1483 408 1546 tandem
434 1485 576 1567 praestito
595 1484 777 1568 juramento
809 1481 850 1544 de
880 1503 968 1546 more
997 1483 1174 1560 absolutus,
1196 1495 1232 1548 nt

279 1583 391 1647 itidem
412 1585 544 1666 publice
562 1584 691 1668 juravit,
705 1583 795 1669 quod
817 1585 899 1647 nihil
921 1585 955 1647 in
977 1584 1110 1667 praefato
1133 1584 1234 1648 schis-

280 1683 470 1747 maticorum
496 1695 654 1747 conventu
677 1683 795 1748 fecerat
816 1694 928 1747 contra
954 1683 1053 1747 fidem
1074 1685 1233 1749 Ecclesiae

281 1795 315 1847 et
328 1783 481 1848 honorem
496 1794 529 1848 et
542 1783 708 1848 utilitatem
724 1784 846 1849 domini
860 1806 967 1868 papae,
981 1795 1014 1847 et
1029 1784 1151 1849 utinam
1165 1806 1232 1849 non

283 1885 470 1969 dejerasset!
493 1885 697 1970 postmodum
719 1885 999 1971 commendatitias
1024 1897 1057 1949 et
1080 1886 1232 1969 depreca-

280 1987 375 2050 torias
385 1989 527 2070 porrexit
540 2010 584 2052 ex
599 1998 689 2072 parte
705 1988 829 2051 domini
842 1989 937 2068 regis,
948 1988 1065 2071 quibus
1079 1989 1231 2051 inscrtum

281 2098 355 2165 erat,
372 2100 407 2153 ut
421 2091 468 2153 illi
482 2101 633 2175 tanquam
656 2091 725 2172 regi
739 2090 805 2172 ipsi
818 2090 853 2153 in
868 2088 1021 2153 omnibus
1042 2089 1230 2153 crederetur.

281 2190 407 2255 Deinde
429 2203 518 2255 tanta
541 2193 641 2256 fultus
671 2193 870 2269 auctoritate,
895 2213 1024 2255 causam
1051 2213 1124 2277 quae
1150 2191 1233 2254 inter

280 2312 386 2374 regem
403 2300 436 2355 et
449 2291 765 2377 archiepiscoporum
786 2314 882 2377 super
900 2294 1006 2376 pravis
1026 2289 1232 2356 consuetudi·

279 2391 376 2454 nibus
390 2393 530 2467 vertitur,
544 2391 667 2455 domiui
680 2414 775 2476 papae
789 2393 949 2456 commisit
963 2392 1104 2470 arbitrio,
1117 2381 1153 2454 ut
1168 2391 1232 2455 illae

283 2490 324 2554 ad
344 2502 459 2554 nutum
478 2480 553 2577 ejus¹
570 2493 803 2570 roborarentur,
818 2504 873 2556 aut
892 2492 1055 2568 caderent,
1078 2504 1111 2556 et
1129 2493 1232 2556 archi·

284 2592 438 2677 episcopo
463 2592 504 2658 ad
530 2594 664 2658 sormam
692 2594 834 2657 mandati
863 2594 932 2680 ejus
956 2617 1024 2679 pax
1048 2593 1232 2658 omnimodo

282 2696 512 2760 reformaretur.
562 2699 608 2760 Et
636 2698 699 2762 boo
728 2698 808 2761 item
831 2696 1012 2781 juramento
1041 2698 1235 2763 confirmans

282 2798 421 2862 obtinuit
434 2809 469 2862 ut
483 2799 633 2866 dominus
648 2822 735 2884 papa
757 2801 950 2866 concederet
963 2824 998 2867 se
1013 2800 1054 2867 ad
1069 2801 1131 2864 hoc
1146 2801 1231 2880 lega·

282 2908 331 2962 toa
342 2921 411 2963 esse
423 2901 602 2965 missurum.
633 2903 778 2974 Quorum
792 2902 854 2966 iter
866 2903 878 2977 (
881 2913 916 2966 ut
927 2903 1030 2985 aiunt)
1043 2920 1233 2983 suspensum

284 3007 342 3077 est,
350 2998 500 3083 juratoris
513 3000 625 3064 fraude
641 3010 814 3084 comperta.

283 3257 504 3322 EPISTOLA
527 3258 715 3323 CCV.-sn
725 3279 822 3327 wrm.
833 3280 951 3325 annea.
967 3279 1081 3325 socna.
1097 3279 1233 3324 cnarsm

553 3378 716 3426 osurnaa.
742 3362 960 3443 [n.n.1167.]

304 3493 402 3557 Joao.
419 3492 544 3557 Sorech.
567 3495 730 3558 Willetmo
745 3493 920 3576 Subpriori
933 3494 1071 3558 ecclesie
1090 3495 1213 3557 crerint

680 3596 840 3659 Cantator.
999 3595 1002 3602 '

325 3716 419 3778 Mun
440 3736 543 3798 nuper
564 3717 716 3797 loquutus
731 3736 767 3778 es
781 3716 814 3777 in
829 3714 1002 3797 parabolis,
1017 3713 1130 3777 dicens
1152 3723 1233 3791 tuas,

284 3815 381 3879 immo
396 3816 541 3879 ecclesiae
556 3837 634 3899 opes
649 3815 690 3879 de
707 3837 790 3879 novo
806 3815 999 3898 publicatas,
1012 3824 1044 3878 et
1059 3813 1233 3878 studiosius

283 3914 463 3999 deprecaris
478 3938 585 3979 neme
600 3937 654 3979 eas
668 3916 823 3998 prodente
834 3915 1062 3980 transferantur
1075 3916 1109 3978 in
1125 3917 1233 3995 Baby·

283 4019 411 4083 Ioniam.
457 4019 523 4084 Sed
544 4021 572 4082 si
591 4019 766 4102 publicatae
789 4027 874 4092 sunt,
896 4022 993 4081 miror
1013 4038 1111 4101 quare
1131 4033 1234 4093 usque

287 4117 327 4181 ad
349 4131 470 4202 patrem
492 4141 526 4183 se
548 4140 606 4203 pro
626 4120 765 4182 filiorum
789 4120 889 4181 salute
910 4131 943 4182 et
961 4120 1107 4181 libertate
1126 4110 1234 4173 matris

286 4219 501 4300 devoventem,
517 4219 626 4302 etjam
642 4220 778 4282 triennio
799 4220 947 4281 aerumnis
962 4215 1144 4299 expositum
1159 4219 1233 4270 ante

284 4318 477 4385 liberalitatis
491 4320 649 4384 beneficia
664 4340 728 4381 non
745 4327 966 4401 pervenerunt.
1012 4314 1046 4377 Si
1061 4309 1233 4393 publicat&
