3034 5200
297 719 406 798 llos]
677 732 856 777 nrrsronn.
1188 721 1245 778 143

294 908 417 973 semper
442 886 593 950 hactenus
619 884 748 959 fecerat,
771 883 893 948 foveret
920 884 1027 947 hostes
1049 905 1134 960 suos,
1157 898 1189 949 et
1212 908 1245 948 se

293 1011 356 1052 non
391 998 594 1072 recepturum
629 986 689 1049 hac
725 985 794 1049 vice
832 985 1009 1071 quidquam
1046 1009 1105 1071 pro
1140 1010 1245 1051 amore

293 1089 416 1155 comitis
432 1088 481 1153 vel
496 1087 678 1163 cardinalis,
690 1086 744 1150 sed
761 1107 820 1173 pro
831 1087 905 1171 jure
920 1109 989 1163 suo,
1002 1089 1027 1151 si
1043 1109 1100 1150 rex
1118 1089 1246 1174 Angliae

293 1192 397 1258 vellet.
436 1191 530 1268 Quod
543 1212 643 1276 quum
659 1188 713 1253 ille
723 1189 905 1265 refutasset,
919 1189 1046 1253 omnino
1061 1190 1245 1256 submonuit

290 1316 363 1357 eum
387 1315 444 1356 rex
467 1290 611 1355 Franciae
632 1311 691 1375 per
712 1288 808 1352 fidem
834 1311 900 1374 qua
924 1312 958 1353 se
979 1289 1187 1374 obligaverat,
1209 1306 1245 1359 ut

291 1394 455 1461 accederet
470 1393 511 1457 ad
525 1391 672 1467 fluvium,
685 1391 742 1455 ubi
756 1415 797 1456 ex
812 1390 960 1456 condicto
970 1391 1167 1478 colloquium
1178 1416 1245 1457 esse

292 1496 416 1573 debuit,
428 1518 448 1559 a
463 1518 527 1581 quo
542 1516 599 1580 per
613 1493 695 1558 duos
705 1493 773 1558 dies
784 1506 927 1557 remotus
938 1507 1095 1558 manserat
1109 1493 1246 1559 duarum

295 1597 400 1683 spatio
421 1595 595 1669 leucarum,
618 1593 672 1658 sed
695 1593 748 1658 ille
769 1616 832 1658 non
855 1595 1030 1681 adquievit.
1075 1595 1148 1658 Rex
1171 1617 1246 1659 vero

296 1698 610 1780 Francorum,quum
616 1695 789 1782 ferensque
798 1695 839 1760 ad
847 1718 1008 1782 vesperam
1021 1710 1247 1782 exspectasset,

296 1799 442 1865 transivit
466 1798 596 1879 flumen,
622 1810 653 1863 et
679 1822 718 1862 ex
749 1803 850 1863 altera
878 1813 969 1884 parte
999 1799 1139 1864 residens
1167 1799 1247 1865 lavit

293 1924 406 1965 manus
428 1924 511 1981 suas,
533 1915 564 1965 et
588 1899 669 1965 bibit
691 1922 797 1965 coram
821 1900 969 1965 omnibns
995 1914 1190 1986 protestatus
1213 1924 1247 1966 se

294 2005 387 2070 fidem
413 2004 569 2093 pactionis
594 2003 788 2089 implevisse,
814 2015 846 2066 et
876 2003 921 2067 sic
952 2003 1072 2068 dimisit
1099 2005 1247 2069 comitem

295 2107 533 2183 Flandrensem,
556 2117 588 2170 et
612 2105 691 2177 alios
717 2126 875 2189 proceres,
897 2118 1083 2190 exspectans
1106 2105 1150 2168 ibi
1173 2128 1247 2170 curn

293 2209 402 2294 paucis
428 2231 531 2294 usque
557 2207 598 2270 ad
625 2207 860 2292 crepusculum.
912 2209 1045 2271 Miserat
1072 2221 1178 2271 antem
1206 2208 1247 2272 ad

294 2308 390 2374 alium
422 2332 529 2395 regem
559 2310 703 2388 nuncios,
729 2309 785 2395 qui
814 2309 903 2374 illurn
936 2323 1183 2387 summonerent,
1210 2324 1246 2376 ut

296 2411 489 2475 satisfaceret
515 2410 643 2474 deiide
668 2410 752 2475 laesa.
798 2413 870 2488 Quo
896 2411 1008 2476 audito
1033 2411 1086 2475 ille
1111 2412 1248 2478 detentis

297 2511 422 2575 nunciis
438 2533 554 2589 secum,
568 2532 641 2574 cum
657 2511 862 2577 multitudine
882 2513 1021 2579 militum
1043 2514 1246 2581 loricatorum

296 2625 328 2675 et
350 2611 547 2696 galeatorum
564 2630 705 2677 armatus
722 2611 806 2676 venit
828 2613 869 2676 ad
890 2613 1022 2695 flumen,
1037 2638 1094 2680 uec
1116 2616 1248 2680 nuncios

296 2713 438 2800 permisit
471 2726 506 2777 ut
542 2713 770 2800 praecederent,
800 2728 832 2781 et
864 2739 971 2802 regem
1007 2730 1247 2802 praemonerent.

297 2814 410 2879 Franci
425 2814 566 2881 videntes
582 2815 642 2880 hoc
657 2838 744 2880 arma
766 2820 1002 2903 corripuerunt,
1018 2819 1073 2883 sed
1098 2842 1160 2882 nox
1186 2841 1247 2882 non

297 2920 440 3005 permisit
464 2932 499 2984 ut
522 2920 740 2998 convenirent,
755 2934 787 2986 et
811 2922 855 2985 sic
877 2945 934 2986 rex
957 2923 1082 3009 Angliae
1105 2946 1249 2987 reversus
1319 2915 1322 2920 ’

296 3034 354 3085 est.
399 3020 588 3105 Prosequuti
611 3035 685 3085 sunt
711 3044 784 3085 eum
807 3023 938 3088 comites
960 3025 1121 3089 Robertus
1150 3024 1249 3089 frater

296 3120 392 3203 regis,
417 3130 450 3182 et
475 3120 658 3205 Stephanus
684 3120 784 3184 frater
810 3123 933 3188 comitis
958 3126 1102 3201 Heurici,
1130 3126 1249 3212 quibus

298 3220 471 3284 admodum
488 3221 689 3306 supplicavit,
702 3235 738 3286 ut
754 3224 980 3309 persuaderent
997 3228 1075 3312 regi,
1090 3252 1129 3292 ne
1143 3229 1247 3314 ipsum

298 3322 499 3409 compelleret
525 3323 697 3407 confugere
722 3323 763 3387 ad
791 3324 897 3391 hostes
922 3327 1012 3412 regni
1039 3330 1193 3406 Franciae,
1217 3344 1249 3394 et

297 3424 430 3489 multam
460 3424 492 3501 in
522 3424 625 3489 verbis
654 3427 874 3511 praetendebat
904 3428 1127 3496 humilitatem.
1187 3432 1248 3496 Die

298 3547 372 3590 vero
388 3526 532 3613 sequenti
548 3527 633 3592 misit
650 3530 827 3593 Carnutum
843 3531 975 3595 nuncios
991 3554 1075 3607 suos,
1091 3545 1126 3597 ut
1142 3555 1248 3615 regem

294 3629 480 3693 inclinarent
496 3629 536 3695 ad
556 3653 676 3715 pacem,
691 3645 748 3695 aut
764 3635 911 3696 comitem
937 3632 1097 3695 Flandriae
1112 3654 1250 3695 summo-

295 3744 405 3795 nerent
428 3753 483 3815 per
506 3731 612 3805 fidem,
637 3753 703 3816 qua
726 3754 761 3812 se
782 3732 991 3817 obligaverat,
1014 3744 1050 3796 ut
1073 3732 1193 3798 veniret
1216 3734 1249 3797 in

296 3831 490 3896 deditionem
506 3832 590 3915 regis
605 3832 742 3916 Angliae,
758 3832 812 3897 sed
829 3857 884 3897 rex
911 3832 1102 3899 Francorum
1121 3858 1155 3899 se
1176 3858 1249 3899 cum

297 3956 334 3996 eo
349 3955 459 4019 pacem
474 3932 659 3996 habiturum
676 3935 815 4018 negavit,
828 3947 999 4021 antequam
1015 3936 1060 4000 eis
1076 3935 1249 4000 satisfaciat

297 4044 328 4095 et
344 4053 453 4117 regno,
470 4032 510 4096 de
525 4031 585 4094 hoc
609 4031 695 4118 quod
711 4046 864 4113 armatus,
879 4049 910 4099 et
934 4036 999 4098 fere
1021 4035 1062 4096 de
1084 4043 1180 4096 noctu
1202 4031 1248 4095 sic

299 4134 331 4194 in
347 4154 419 4195 eum
435 4132 582 4209 irruerat,
597 4155 655 4196 nec
671 4146 776 4198 tamen
792 4157 891 4199 unum
907 4134 948 4199 da
973 4133 1107 4198 Francia
1124 4151 1251 4195 movere

299 4243 425 4314 poterat
453 4233 493 4296 de
523 4233 592 4297 loco
622 4258 691 4298 suo.
748 4235 875 4319 Adjecit
904 4248 1009 4299 autem
1041 4256 1074 4297 se
1103 4242 1250 4316 paratum

300 4332 476 4413 ostendere,
505 4337 556 4400 vel
587 4336 620 4398 in
656 4336 813 4414 Marchia,
843 4334 893 4401 vel
929 4334 961 4398 in
993 4334 1093 4403 Curia
1127 4332 1251 4399 comitis
