3034 5200
287 718 393 796 ll7l.]
656 737 834 782 salsiora.
1170 723 1232 780 267

281 886 475 970 episcopum,
492 898 523 949 et
538 909 646 950 omnes
666 909 714 949 res
730 909 805 951 suas
825 885 905 950 sicut
920 909 972 949 eas
987 885 1099 948 melius
1114 886 1232 951 habue-

281 998 366 1062 runt,
379 986 507 1070 quando
519 987 628 1050 eadem
641 1010 737 1050 causa
748 988 895 1051 exierunt
906 986 945 1050 de
958 987 1088 1070 Anglia,
1098 999 1130 1050 et
1141 987 1234 1049 bene-

280 1086 351 1150 ficia
377 1111 448 1170 quae
477 1089 560 1152 idem
591 1088 844 1174 archiepiscopus
873 1092 918 1153 eis
949 1101 1057 1172 postea
1087 1086 1232 1152 contulit.

280 1187 383 1263 Quare
402 1211 455 1252 eos
475 1211 582 1253 secure
605 1189 711 1252 venire
733 1189 867 1269 faciatis,
882 1201 914 1251 et
935 1211 986 1251 nes
1002 1211 1073 1252 suas
1095 1188 1234 1252 habeant

279 1288 369 1369 bene,
394 1303 425 1352 et
455 1291 487 1352 in
517 1313 605 1374 pace,
633 1290 719 1354 salva
743 1290 897 1354 fidelitate
924 1312 1004 1366 mea,
1032 1311 1128 1373 quam
1156 1288 1233 1351 mihi

279 1389 404 1453 facient.
450 1390 598 1454 Testibus
622 1391 736 1454 Gaufr.
758 1390 878 1454 archid.
904 1392 996 1454 Cant.
1021 1389 1091 1454 Ric.
1113 1388 1232 1453 archid.

278 1489 360 1552 Pict.
378 1489 448 1552 Ric.
464 1489 503 1552 de
521 1492 621 1554 Hum.
636 1493 743 1555 Const.
762 1491 839 1554 Bac.
851 1490 891 1553 de
909 1489 999 1566 Luci,
1013 1490 1180 1572 Reginald.
1193 1489 1234 1552 de

281 1589 433 1653 Curtenai
448 1591 532 1676 apud
551 1591 654 1657 Cloec.

343 1978 563 2042 EPISTOLA
587 1977 932 2041 comm-nusum
949 1995 992 2036 an
1009 1994 1162 2038 nunnuu.

651 2077 695 2156 [A.
713 2098 744 2141 u.
764 2077 872 2155 ll7l.]

281 2261 446 2324 Hearicna
461 2261 532 2324 aea
547 2261 643 2340 naqa
659 2267 690 2322 et
705 2263 786 2324 Dua
801 2261 961 2323 Narmou.
982 2267 1013 2322 et
1028 2262 1186 2341 Aquitan-
1202 2265 1233 2320 et

325 2361 435 2426 Comes
448 2362 572 2440 Audeg.
586 2362 627 2424 B.
640 2362 799 2443 Episcopo
811 2362 919 2424 Eicon.
936 2383 1011 2424 caro
1026 2362 1164 2442 etfidclt‘
1176 2378 1235 2421 auo

323 2463 470 2525 carluiem.

327 2597 457 2660 Scmuls
470 2595 555 2680 quod
573 2617 630 2680 per
644 2594 779 2679 gratiam
794 2593 856 2657 Dei
868 2617 1020 2681 prospera
1032 2596 1235 2679 navigatione

282 2697 422 2782 applicui
434 2700 465 2760 in
477 2696 714 2773 Normanniam,
725 2710 755 2759 et
768 2697 874 2759 inveni
891 2708 989 2759 totam
1004 2707 1121 2759 terram
1133 2719 1234 2759 meam

281 2800 476 2863 cismarinam
492 2798 524 2860 in
538 2820 658 2862 summa
674 2820 749 2882 pace
766 2809 797 2860 et
807 2797 1037 2882 tranquillitate
1047 2797 1234 2881 disponente

283 2905 354 2965 Deo
368 2900 584 2974 constitutam,
608 2913 640 2963 et
661 2900 804 2963 homines
826 2922 862 2961 ac
878 2898 988 2961 fideles
1010 2920 1096 2960 meos
1119 2898 1159 2961 de
1181 2898 1237 2961 ad-

282 3017 380 3068 ventu
404 3026 474 3065 meo
498 3002 550 3081 (ut
573 3001 756 3087 oportebat)
781 3000 919 3064 uberiori
944 2998 1057 3063 laetitia
1079 3001 1235 3085 perfusos.

285 3103 410 3167 Accessi
432 3101 547 3165 deinde
569 3100 609 3163 ad
640 3100 783 3163 dominos
805 3105 945 3185 legatos:
984 3115 1016 3165 et
1039 3122 1233 3187 quamquam

283 3229 337 3269 eos
355 3204 388 3267 in
411 3201 564 3286 principio
586 3201 684 3264 duros
705 3200 903 3275 invenissem,
925 3214 968 3278 et,
991 3215 1027 3265 ut
1051 3202 1234 3276 videbatur,

283 3306 411 3392 penitus
421 3302 505 3367 flecti
520 3325 582 3366 non
594 3316 732 3388 possent,
745 3317 850 3367 tamen
860 3317 970 3368 contra
982 3327 1068 3390 spem
1081 3306 1234 3382 omnium,

283 3421 393 3473 contra
410 3406 589 3492 opinionem
611 3406 807 3492 singulorum
822 3430 884 3492 pax
901 3406 1038 3493 denique
1054 3422 1189 3494 sequuta
1204 3420 1236 3472 et

283 3510 323 3572 ad
348 3509 498 3589 honorem
526 3506 587 3569 Dei
611 3524 641 3570 et
665 3507 805 3570 ecclesiae
826 3520 858 3570 et
881 3530 986 3570 meum
1007 3521 1039 3571 et
1062 3512 1152 3592 regni
1175 3512 1237 3571 mei

282 3613 363 3675 inter
385 3631 442 3673 nos
464 3620 512 3672 est
538 3608 720 3684 reformata,
743 3608 825 3672 sicut
851 3615 890 3673 eir
916 3609 1124 3693 sequentibus
1147 3609 1237 3671 vobis

283 3713 408 3797 plenius
422 3710 605 3773 innotescet.
637 3712 718 3773 Haec
734 3711 817 3773 enim
834 3723 908 3773 sunt
919 3732 994 3794 quae
1010 3732 1059 3772 me
1071 3708 1112 3771 ad
1128 3729 1236 3771 eorum

283 3812 467 3877 instantiam
490 3810 734 3874 observaturum
756 3811 908 3896 promisi:
940 3809 1040 3895 quod,
1055 3809 1173 3873 scilicet
1195 3807 1236 3870 ab

284 3914 414 3978 instanti
439 3912 521 3974 festo
546 3915 748 3976 Pentecostes
774 3935 877 3998 usque
905 3913 937 3976 in
968 3935 1084 3975 annum
1116 3922 1237 3975 tantam

286 4014 452 4100 pecuniam
481 4010 576 4092 dabo,
598 4014 683 4077 unde
707 4014 747 4077 ad
771 4014 938 4078 arbitrium
961 4015 1096 4078 fratrum
1124 4010 1236 4096 templi

288 4137 322 4177 cc
342 4112 456 4175 milites
470 4111 510 4173 ad
526 4111 740 4176 defensionem
758 4126 851 4177 terrae
868 4113 1166 4197 Hierosolymitanae
1180 4132 1237 4195 per

286 4236 402 4277 annum
427 4215 551 4279 valeant
573 4215 684 4291 teneri,
707 4227 739 4278 et
764 4214 851 4298 quod
877 4214 983 4279 licebit
1009 4214 1076 4277 fieri
1100 4211 1238 4297 appella-

291 4315 391 4380 tiones
413 4314 454 4378 ad
479 4316 642 4380 dominum
665 4338 780 4401 papam
806 4316 923 4380 libere:
957 4316 1001 4380 ita
1024 4329 1127 4378 tamen
1153 4323 1189 4375 ut
1211 4314 1235 4375 si
