3034 5200
269 723 378 805 1167]
647 739 826 784 arrsrora.
1175 729 1216 788 73

265 896 357 959 vobis
372 895 458 958 visus
473 901 521 957 est
536 892 709 962 cardinalis
722 894 900 976 presbyter,
914 893 1012 958 immo
1035 904 1068 958 et
1089 907 1218 977 aposto·

264 997 339 1060 licae
353 996 440 1060 sedis
454 999 578 1078 legatus
592 996 626 1057 in
649 995 751 1077 prima
766 994 956 1057 salutatione
979 996 1218 1079 suspicionibus

265 1098 440 1162 inurendus
463 1108 494 1160 et
519 1098 616 1180 gratis
643 1095 884 1159 exacerbandus
910 1107 1021 1160 contra
1046 1096 1215 1162 consilinm

268 1198 389 1262 domini
404 1221 508 1284 papae,
520 1208 552 1261 et
561 1208 672 1262 contra
686 1199 842 1261 Romanae
854 1198 1000 1261 ecclesiae
1011 1201 1218 1265 reverentiam

268 1298 527 1365 dehonestandus
549 1299 723 1364 conviciis?
762 1299 909 1363 Profecto
932 1322 991 1382 ego
1013 1321 1073 1363 nec
1097 1302 1219 1365 domini

265 1423 359 1485 papae
381 1423 541 1465 cursorem
562 1402 606 1465 sic
625 1400 853 1485 alloquendum
876 1401 973 1464 luisse
996 1403 1136 1467 arbitror.
1181 1405 1217 1467 Si

268 1512 388 1565 suaset
404 1513 525 1565 vestras
547 1500 676 1563 domino
699 1521 792 1583 papae
814 1500 969 1564 remiserit
990 1502 1121 1580 litteras,
1135 1505 1218 1585 regis

266 1623 397 1665 causam
413 1602 608 1686 justificasse
624 1601 780 1664 videbitur
801 1602 961 1664 attestatio
985 1604 1095 1685 scripti
1112 1606 1218 1682 vestri,

267 1714 300 1767 et
329 1704 489 1787 propriam
519 1704 751 1766 contumaciam
781 1702 969 1766 convicisse.
1017 1704 1099 1767 Esto
1129 1705 1217 1788 quod

265 1806 360 1868 fuerit
389 1817 421 1868 et
449 1806 491 1868 sit
515 1804 620 1868 adhuc
647 1805 828 1868 Willelmus
853 1805 1012 1869 inimicus.
1057 1808 1217 1872 Dissimu-

187 1965 190 1974 .
264 1906 396 1969 landum
417 1917 496 1990 puto
519 1906 622 1969 donec
645 1906 730 1968 mala
751 1906 821 1989 ejus
843 1926 941 1989 opera
962 1907 997 1968 in
1016 1908 1120 1971 lucem
1143 1929 1216 1990 pro-

266 2005 373 2085 deant,
395 2008 546 2092 quoniam
568 2020 600 2072 et
622 2006 787 2069 dominum
811 2028 926 2090 papam
949 2008 996 2070 ita
1017 2011 1217 2074 consuluisse

265 2129 306 2171 ex
329 2111 478 2173 relatione
494 2109 680 2172 nuntiorum
703 2118 875 2171 vestrorum
898 2121 1019 2172 certum
1040 2119 1099 2173 est.
1143 2112 1216 2188 Nec

265 2221 371 2274 tamen
388 2210 461 2274 dico
477 2211 564 2296 quod
580 2223 749 2295 antequam
766 2209 863 2274 fidem
877 2211 1016 2274 hominis
1030 2212 1125 2276 bonis
1141 2234 1216 2297 ope-

265 2314 352 2377 ribus
381 2315 556 2398 exploretis
588 2323 620 2377 et
648 2313 871 2398 experiamini,
899 2313 1113 2398 acquiescatis
1142 2337 1216 2383 eum

266 2415 407 2498 recipere
417 2414 584 2497 judicem:
616 2415 672 2478 sed
686 2436 747 2477 nec
763 2435 909 2478 recusare
924 2436 1125 2498 praepropere
1140 2438 1219 2480 con·

270 2516 350 2595 sulo,
367 2517 426 2578 etsi
442 2515 602 2598 judicium
624 2516 850 2580 declinandum
866 2538 937 2580 esse
961 2539 1024 2580 non
1047 2519 1219 2601 ambigam,

266 2620 473 2696 restitutione,
490 2641 561 2703 quae
577 2619 618 2683 ad
639 2641 780 2703 praesens
794 2619 862 2682 fieri
881 2622 1003 2705 nequit,
1017 2643 1082 2684 non
1097 2623 1217 2688 habita.

267 2723 333 2787 Hic
356 2721 483 2785 interim
505 2721 693 2785 haerendum
716 2720 852 2800 credidi,
874 2735 907 2786 et
924 2723 1013 2806 ipsos
1039 2723 1217 2788 cardinales

265 2824 452 2888 alliciendos
474 2834 631 2907 quatenns
653 2826 740 2888 salva
762 2825 962 2892 conscientia
984 2836 1016 2890 et
1040 2826 1125 2888 fama
1146 2825 1218 2890 fieri

266 2927 398 3011 poterit:
430 2938 461 2988 et
482 2926 719 3008 expectandum
743 2948 762 2990 a
785 2927 939 3005 Domino,
953 2937 989 2991 nt
1007 2927 1042 2991 in
1057 2938 1146 3010 parte
1162 2926 1218 2991 ad·

267 3050 356 3091 versa
371 3027 624 3111 deprehendatur
634 3028 797 3112 iniquitas,
810 3039 842 3092 et
855 3030 1054 3113 impugnatio
1067 3030 1217 3108 ireritatis,

265 3141 297 3193 et
319 3129 463 3193 defectus
484 3129 740 3212 promissionum.
785 3130 820 3194 Si
845 3152 879 3195 se
908 3131 991 3194 dixit
1017 3132 1148 3195 missum
1174 3132 1216 3197 ad

268 3230 483 3294 terminandas
505 3230 709 3313 quaestiones,
730 3243 825 3313 prout
847 3233 1005 3297 Ecclesiae
1031 3235 1093 3296 Dei
1108 3234 1220 3299 viderit

271 3333 434 3417 expedire,
455 3333 490 3394 in
517 3353 581 3416 quo
608 3354 665 3395 vos
691 3332 794 3396 laesit?
825 3335 943 3398 Nonne
968 3345 1113 3419 possunt,
1136 3338 1222 3401 sicut

270 3456 326 3519 per
340 3435 540 3508 sententiam,
552 3435 596 3498 ita
611 3446 643 3497 et
658 3456 714 3517 per
729 3436 971 3519 compositionis
985 3437 1219 3520 benignitatem

269 3534 451 3600 terminari?
484 3536 518 3600 Si
534 3537 722 3600 exhortatus
737 3549 796 3616 cst,
811 3551 847 3601 ut
868 3533 1000 3616 evitetis,
1015 3551 1170 3622 quantum
1185 3540 1220 3603 in

251 3639 359 3702 ‚vobis
385 3649 442 3712 est,
470 3659 507 3701 ca
533 3660 605 3721 qnae
631 3641 735 3703 solent
759 3640 922 3723 amplioris
952 3640 1077 3704 dissidii
1106 3663 1219 3705 causas

269 3760 430 3822 generare,
441 3761 507 3802 non
519 3739 612 3803 rideo
628 3740 706 3823 quid
717 3742 912 3822 peccaverit:
929 3764 1027 3825 quum
1039 3742 1101 3805 hoc
1114 3743 1220 3826 ipsum

270 3841 493 3924 sapientissimi
516 3853 549 3904 et
573 3841 759 3905 amicissimi
782 3844 963 3923 cousulant,
985 3855 1152 3909 monentes
1173 3858 1220 3919 ut,

270 3953 429 4026 quatenus
443 3944 530 4005 salva
544 3943 710 4006 honestate
731 3944 879 4007 ecclesiae
893 3954 925 4008 et
947 3967 1092 4029 personae
1107 3957 1221 4010 vestrae

268 4042 405 4117 licuerit,
421 4043 496 4126 paci
518 4040 701 4125 diligentius
715 4043 899 4109 intendatis.
944 4044 1122 4127 Rogandus
1144 4063 1222 4122 ergo

268 4143 376 4222 suerat,
393 4154 428 4207 ut
442 4145 566 4227 opinor,
583 4145 733 4228 quatinus
749 4166 788 4208 ea
804 4167 874 4228 quae
889 4145 1020 4209 vitanda
1034 4143 1122 4219 dicit,
1139 4163 1220 4223 prae·

271 4244 397 4321 scribat,
428 4257 463 4311 ut
491 4247 531 4310 de
560 4248 763 4311 restitutione
792 4261 894 4311 vestra
922 4257 956 4310 et
985 4254 1156 4309 vestrorum
1186 4255 1219 4307 et

270 4346 415 4410 ccclesiae
439 4347 584 4412 libertate
608 4359 681 4429 agat
706 4369 778 4410 cnm
803 4347 931 4410 domino
956 4367 1041 4427 rege,
1063 4344 1219 4427 vobisque
