3034 5200
296 720 337 778 32
555 732 691 778 scaurus
707 730 986 777 sansanamansrs
1128 709 1196 795 ’[Α.
1213 734 1243 780 u.

289 881 532 968 ignoscendum,
552 882 628 969 quia
647 875 794 968 potentes
815 891 899 957 sunt,
915 902 973 946 nos
994 880 1181 959 imbecilles,
1196 882 1244 947 illi

286 983 441 1069 opulenti,
465 1006 524 1050 nos
544 1007 716 1073 pauperes:
741 984 767 1049 si
787 995 932 1069 tempora
953 984 1131 1070 periculosa
1151 984 1245 1049 meti-

286 1086 376 1165 mini,
393 1087 419 1152 si
441 1088 509 1153 dies
531 1089 632 1154 malos
654 1086 873 1175 expavescitis,
895 1097 932 1151 ut
953 1097 1064 1153 contra
1081 1086 1239 1172 justitiam

284 1189 408 1256 ducatis
430 1212 488 1276 pro
509 1190 633 1257 malitia
658 1190 920 1278 dispensandum,
943 1190 1090 1277 nunquid
1112 1188 1242 1254 creditis

287 1313 341 1357 vos
355 1292 416 1358 hac
432 1294 483 1359 via
505 1294 613 1360 Deum
630 1294 755 1381 placare
778 1313 881 1380 posse,
897 1303 934 1356 ut
948 1292 1081 1357 meliora
1096 1303 1240 1378 tempora

283 1392 450 1480 largiatur:
477 1408 514 1461 ut
540 1419 594 1462 vos
618 1396 732 1462 dilatet
755 1408 789 1462 et
815 1396 957 1461 roboret:
984 1404 1021 1460 ut
1043 1394 1237 1460 adversarios

283 1510 402 1564 vestros
425 1511 589 1578 extenuet,
611 1516 644 1565 et
665 1511 814 1565 enervet:
850 1499 997 1586 nunquid
1017 1498 1089 1563 hoec
1113 1510 1162 1563 est
1186 1499 1239 1563 via

283 1599 444 1666 Domini?
468 1601 524 1667 ubi
543 1599 619 1667 lex?
644 1601 700 1666 ubi
724 1599 918 1687 Prophetae?
948 1593 1004 1664 ubi
1025 1599 1236 1685 Evangelium

285 1702 427 1771 Christi?
460 1703 516 1768 ubi
544 1704 674 1768 decreta
699 1714 732 1766 et
756 1703 904 1788 exempla
930 1702 1135 1769 sauctorum?
1168 1703 1239 1768 Lex

281 1804 393 1890 utique
415 1803 612 1890 sempiterna
637 1816 696 1884 est,
719 1814 752 1866 et
774 1803 850 1867 solvi
875 1825 939 1868 nou
963 1815 1078 1889 potest,
1101 1807 1178 1892 quia
1202 1806 1235 1870 in

282 1927 345 1991 quo
362 1904 485 1990 judicio
501 1903 721 1990 judicaveritis
740 1903 986 1989 judicabimini:
1017 1915 1051 1968 et
1075 1927 1134 1990 per
1158 1928 1233 1992 quae

280 2018 393 2092 peccat
404 2006 485 2093 quis,
501 2028 559 2091 per
572 2004 642 2069 haec
657 2016 691 2069 et
705 2004 865 2090 punietur.

290 2174 292 2179 ,
327 2108 392 2172 Sed
402 2107 533 2173 fortasse
544 2107 660 2171 minuti
670 2106 817 2170 homines
830 2105 953 2190 indigni
965 2106 1115 2171 videntur
1130 2118 1166 2172 ut
1175 2131 1235 2195 pro

280 2211 326 2277 eis
337 2210 417 2276 tanti
429 2211 587 2298 principes
598 2210 737 2275 debeant
746 2209 940 2285 exacerbari,
952 2220 986 2273 et
996 2232 1054 2295 pro
1062 2209 1132 2276 aliis
1142 2233 1234 2297 arque

280 2314 463 2400 potentibus
487 2326 571 2379 esset
597 2314 682 2398 rigor
701 2312 838 2399 justitiae
863 2313 1069 2378 exercendus.
1110 2313 1232 2380 Verum

279 2415 418 2489 hocnon
440 2414 573 2501 apostoli
592 2415 754 2481 distinctio
774 2426 832 2493 est,
849 2416 907 2479 sed
929 2415 1034 2500 arguti
1054 2414 1234 2502 philosophi

281 2517 522 2607 ssrasyrnachi,
538 2517 720 2585 definientis
740 2520 829 2584 in‘eo
850 2529 995 2584 constare
1013 2518 1181 2605 justitiam,
1198 2531 1234 2584 ut

279 2620 453 2708 plurimum
464 2620 596 2708 prositei
606 2620 661 2709 qui
671 2621 969 2708 plurimumpotest:
985 2644 1085 2708 quum
1095 2644 1113 2686 e
1123 2634 1234 2687 contra

276 2725 402 2810 probati
416 2724 594 2812 philosophi
608 2724 792 2791 definierint
810 2746 882 2788 eam
898 2745 965 2788 esse
980 2724 1143 2804 virtutem,
1157 2746 1231 2810 quar

277 2825 451 2912 plurimum
461 2824 589 2911 prodest
598 2823 627 2888 ei
637 2823 691 2910 qui
701 2822 870 2886 minimum
881 2832 998 2908 potest:
1020 2820 1229 2886 liberatenim

277 2949 450 3014 pauperem
472 2950 491 2991 a
504 2938 646 3012 potente,
662 2938 696 2991 et
710 2926 854 2991 decernit
871 2923 993 2989 meritis
1007 2922 1149 3008 praemia,
1165 2946 1228 2988 non

276 3031 426 3114 personis.
471 3028 505 3091 Si
526 3050 580 3092 rex
602 3028 754 3094 immunis
776 3028 926 3104 creditur,
941 3026 1018 3114 quia
1037 3025 1114 3091 licet
1131 3025 1229 3113 ipsius

275 3129 474 3209 auctoritate,
489 3128 621 3196 aliorum
642 3138 750 3194 tamen
771 3130 947 3198 ministerio
967 3128 1125 3196 maleficia
1139 3152 1229 3195 exer·

276 3240 509 3315 centur‚potest
517 3229 663 3294 etDavid
672 3252 734 3294 non
744 3231 894 3317 imputari
904 3232 1032 3317 sanguis
1042 3233 1144 3311 Uriae,
1154 3233 1230 3321 quia

275 3333 317 3398 ab
333 3355 371 3398 eo
385 3354 449 3398 uon
464 3332 601 3419 proprio,
616 3332 674 3397 sed
688 3332 795 3417 gladio
818 3334 955 3399 filiorum
973 3337 1113 3398 Ammon
1129 3336 1229 3399 inter·

276 3435 379 3512 fectus
392 3445 451 3501 est.
497 3434 541 3499 Et
563 3434 675 3500 Achab
689 3446 723 3500 et
741 3435 874 3502 Jezabel
892 3436 1072 3500 innocentis
1095 3434 1227 3500 Naboth

275 3560 340 3603 non
351 3538 443 3604 luent
454 3537 652 3623 sanguinem,
664 3537 740 3626 quia
754 3538 866 3605 fraude
876 3538 990 3625 judicii
1001 3536 1118 3623 legitur
1128 3536 1227 3601 inter·

274 3655 418 3727 emptus:
442 3635 505 3724 sed
519 3641 561 3707 ab
581 3651 716 3728 utroque
736 3662 860 3727 regum,
875 3662 1051 3727 pauperum
1072 3639 1228 3706 duntaxat

275 3753 309 3807 et
327 3742 534 3807 innocentum
556 3744 683 3829 sanguis
705 3738 893 3833 exquiritur,
907 3744 1016 3831 eisque
1036 3764 1101 3808 non
1120 3741 1226 3827 impu-

274 3855 382 3910 tantur
396 3844 506 3930 praelia
517 3847 684 3913 commissa
693 3848 768 3934 jure
780 3850 899 3934 legum.
930 3847 1047 3911 Nonne
1058 3845 1091 3909 in
1107 3844 1249 3910 censis-‘s

274 3947 362 4014 toriis
386 3947 496 4012 vestris
519 3948 633 4014 teritur
658 3943 745 4037 quod
769 3950 956 4035 regulariter
978 3949 1139 4036 proditum
1163 3959 1222 4025 est,

274 4052 350 4140 quia
378 4049 559 4117 ratihabitio
592 4052 744 4118 mandato
778 4051 1002 4139 comparatur?
1039 4053 1155 4118 Nonne
1191 4063 1225 4116 et

274 4154 382 4219 omnia
391 4165 498 4219 nostra
508 4153 642 4221 lecimus
656 4156 773 4243 quibus
786 4170 925 4223 nostram
940 4158 1141 4245 impertimus
1152 4182 1226 4225 auc

275 4256 459 4333 toritatem?
486 4260 515 4323 A
533 4276 635 4324 vestro
650 4258 758 4348 itaque
768 4261 842 4348 jure
858 4261 973 4349 colligo
988 4263 1137 4344 inserens,
1152 4263 1228 4351 quia

273 4356 299 4420 si
325 4360 545 4427 auctoritatem
575 4353 899 4453 accommodaveritis,
921 4370 947 4436 si
975 4372 1225 4443 dissimulatione
