3034 5200
275 735 380 814 1168]
646 751 824 795 arrsroun.
1164 739 1219 796 131

269 903 425 966 miseriam
442 900 596 987 Tyranni,
613 918 669 964 aut
684 902 794 987 potius
802 900 936 983 gloriam
951 902 1011 965 Dei
1025 914 1055 964 et
1071 902 1222 964 Ecclesiae

269 1004 523 1084 consolationem,
538 1003 578 1066 de
595 1002 791 1067 nostratibus
813 1004 944 1086 quidem
969 1004 1113 1067 viderunt
1130 1025 1222 1065 cano-

269 1103 332 1167 nici
342 1104 569 1168 Noviomenses
585 1115 617 1166 et
630 1103 736 1167 nuncii
747 1102 871 1166 comitis
890 1104 1035 1167 Henrici:
1053 1103 1093 1165 de
1106 1116 1223 1166 vestra-

269 1205 353 1269 tibus
369 1219 476 1271 autem
488 1203 586 1290 legati
602 1204 737 1270 illustris
752 1204 836 1288 regis
851 1206 987 1290 Angliae,
998 1205 1073 1269 illuc
1089 1205 1223 1290 profecti

269 1329 308 1372 ex
332 1309 429 1372 variis
453 1310 566 1372 causis.
612 1306 843 1371 Noviomenses
862 1308 944 1371 enim
969 1307 1224 1371 archidiaconum

270 1431 364 1472 suum
382 1409 581 1472 Bonifacium
601 1407 704 1472 Italiae
725 1408 937 1472 marchionem
953 1432 1049 1495 quem
1065 1409 1224 1493 elegerant

270 1512 302 1573 in
329 1511 539 1596 Episcopum,
567 1511 670 1573 virum
700 1510 866 1574 honestum
893 1525 924 1575 et
955 1525 1022 1575 tota
1049 1510 1225 1574 schismatis

272 1624 461 1697 tempestate
483 1612 671 1676 catholicum
695 1611 846 1675 reducere
868 1613 1066 1698 quaerebant.
1111 1614 1226 1677 Comes

275 1713 435 1777 Henricus
452 1725 572 1778 statum
584 1712 770 1798 explorabat
785 1712 923 1799 imperii:
940 1714 1047 1778 nuncii
1057 1737 1131 1777 vero
1140 1713 1225 1798 regis

274 1815 404 1899 Angliae
416 1816 600 1901 juramenta
614 1816 832 1902 praestiterunt
845 1816 885 1878 de
895 1816 1095 1880 matrimonio
1104 1829 1227 1880 contra·

273 1915 378 1980 hendo
393 1917 475 1982 inter
488 1917 585 1982 filium
602 1918 729 2003 praefati
744 1915 932 1980 marchionis
946 1928 978 1980 et
993 1939 1130 1980 sororem
1143 1915 1226 2000 regis

275 2018 388 2082 Scotiae
403 2033 434 2084 et
450 2020 490 2083 ad
515 2043 600 2105 saepe
616 2020 738 2083 dictum
762 2032 931 2103 tyrannum
948 2018 1105 2104 legatione
1123 2017 1224 2082 functi

276 2133 360 2197 sunt,
385 2133 421 2185 ut
436 2122 476 2184 de
498 2120 646 2206 opinione
669 2123 845 2183 multorum
862 2119 984 2205 loquar,
1006 2144 1072 2205 quo
1086 2119 1130 2183 sic
1145 2119 1226 2182 vires

274 2234 305 2287 et
317 2221 563 2288 familiaritatem
579 2222 812 2306 praetendentes
823 2221 959 2307 imperii,
975 2234 1112 2286 terreant
1126 2223 1226 2284 Fran·

275 2346 336 2388 cos.
384 2325 446 2388 Sed
463 2324 619 2387 calliditas
632 2323 700 2386 haec
714 2322 747 2385 in
759 2324 953 2387 contrarium
964 2346 1093 2409 prorsus
1104 2324 1227 2387 exitum

274 2426 390 2510 pergit.
451 2426 566 2488 Franci
598 2424 756 2509 siquidem
792 2426 894 2510 magis
926 2426 1119 2501 animantur,
1149 2425 1227 2488 dum

275 2526 384 2589 vident
401 2525 508 2590 hostes
524 2527 615 2613 quasi
629 2525 798 2604 desolatos,
815 2527 914 2590 immo
927 2527 1110 2614 desperatos
1125 2550 1230 2590 emen-

275 2626 381 2693 dicata
396 2629 548 2713 suffragia
563 2628 745 2715 quaeritare,
761 2640 793 2691 et
808 2628 879 2693 illos
893 2631 1064 2716 implorare
1079 2642 1228 2716 patronos

275 2730 392 2816 quibus
407 2752 489 2816 opus
504 2746 552 2796 est
567 2731 742 2794 defensore.

319 2834 405 2896 Dum
423 2832 532 2918 itaque
542 2832 574 2895 in
586 2831 683 2895 tantis
692 2830 866 2916 imperator
876 2842 1055 2895 versaretur
1067 2829 1231 2915 angustiis,

276 2945 307 2997 et
322 2935 450 2997 omnino
465 2934 505 2996 de
521 2934 609 2997 exitu
628 2934 824 3018 desperaret,
839 2944 1012 2998 tractatum
1029 2931 1140 2995 habuit
1156 2954 1228 2995 cum

278 3035 354 3098 viris
383 3034 549 3119 religiosis,
572 3057 653 3119 quos
682 3035 847 3098 constabat
876 3034 986 3098 fideles
1014 3058 1080 3099 esse
1109 3034 1230 3098 domini

278 3157 382 3220 papae,
400 3135 553 3199 simulans
568 3158 600 3198 se
615 3156 687 3199 cum
702 3133 833 3198 ecclesia
848 3136 909 3199 Dei
926 3159 1034 3223 pacem
1045 3159 1113 3201 esse
1128 3137 1230 3200 factu·

281 3257 364 3298 rum.
408 3236 471 3299 Est
482 3247 587 3298 autem
603 3236 635 3299 in
651 3235 746 3299 domo
762 3236 982 3302 Carthusiensi
994 3239 1041 3302 vir
1055 3238 1228 3302 admodum

281 3334 447 3419 religiosus
470 3334 628 3420 quondam
660 3334 924 3402 familiarissimus
946 3337 1155 3423 imperatori,
1171 3335 1232 3424 qui

279 3438 319 3502 ab
334 3461 372 3501 eo
387 3437 511 3522 pridem
524 3451 694 3505 recesserat
706 3440 748 3504 ob
763 3440 986 3505 conscientiam
997 3441 1183 3519 schismatis,
1199 3455 1231 3506 et

280 3543 307 3605 ei
322 3540 461 3626 plurimo
476 3541 731 3626 compatiebatur
750 3540 878 3606 affectu.
924 3540 989 3604 Hic
1008 3562 1085 3623 ergo
1104 3543 1233 3606 accessit

279 3642 317 3705 ad
335 3664 494 3706 eumcum
512 3642 682 3728 lachrymis
698 3643 759 3708 sibi
776 3665 835 3729 pro
850 3655 937 3705 certo
956 3643 1132 3706 innotuisse
1147 3666 1232 3707 asse-

281 3768 363 3820 rens,
374 3745 460 3831 quod
473 3766 583 3830 pacem
600 3767 661 3806 non
674 3759 742 3807 erat
754 3744 934 3824 habiturus,
946 3744 1006 3807 nisi
1021 3744 1158 3810 eccl'esiae
1170 3746 1233 3809 Dei

282 3847 427 3911 redderet
440 3868 564 3932 pacem:
588 3845 705 3909 institit
717 3857 835 3926 autem,
848 3859 879 3911 et
891 3846 1031 3911 obtinuit
1042 3861 1078 3911 ut
1088 3860 1233 3911 evocaret

280 3969 336 4032 per
366 3946 486 4011 litteras
518 3967 592 4007 suas
626 3944 765 4030 priorem
789 3945 1061 4023 carthusiensem,
1084 3948 1230 4009 abbatem

282 4049 522 4111 Cisterciensem
545 4059 577 4111 et
596 4045 781 4133 episcopum
804 4045 1002 4137 Papiensem,
1018 4068 1113 4132 quem
1134 4067 1233 4129 expu-

281 4147 372 4225 lerat,
386 4160 418 4211 et
433 4148 634 4232 promitteret
651 4171 683 4211 se
698 4148 828 4211 consilio
843 4170 954 4211 eorum
969 4147 1001 4209 in
1017 4144 1165 4208 omnibus
1179 4146 1235 4208 ad-

284 4248 486 4333 quieturum:
511 4249 588 4313 dum
604 4249 700 4313 modo
714 4250 759 4313 illi
771 4249 803 4311 in
819 4271 852 4311 se
866 4250 1041 4333 reciperent
1058 4244 1235 4329 periculum

277 4350 466 4435 juramenti,
495 4351 583 4435 quod
613 4363 724 4415 contra
758 4371 874 4435 papam
914 4347 1136 4413 Alexandrum
1165 4350 1232 4413 lieri

733 4456 789 4511 Η
