3034 5200
284 707 391 786 1168.]
667 722 846 767 srrsroua.
1170 711 1229 770 153

281 873 466 958 ignorabam
483 897 522 939 an
538 873 723 935 reverentias
739 883 804 935 tuae
820 872 957 957 placeret
969 872 1136 958 parvitatis
1152 897 1229 941 meae

281 974 397 1058 scripta
434 978 603 1060 suscipere,
643 973 699 1058 qui
733 973 931 1060 proscriptus
965 996 1049 1037 eram
1081 975 1231 1040 violentia

280 1075 417 1160 pubiicae
439 1075 617 1162 potestatis,
639 1084 668 1136 et
692 1073 764 1137 talis
786 1073 927 1137 habebar
949 1097 968 1139 a
990 1073 1149 1160 plerisque
1173 1096 1231 1161 pro

279 1199 374 1239 causa
390 1177 531 1257 Domini,
546 1175 651 1262 qualis
673 1174 714 1238 ab
730 1174 888 1238 haereticis
905 1175 1113 1239 schismaticis
1127 1189 1161 1240 et
1176 1198 1231 1239 ex·

279 1278 518 1341 communicatis
533 1277 769 1340 denominabar.
800 1279 883 1342 Sunt
899 1275 983 1339 enim
1000 1276 1143 1340 homines
1155 1289 1233 1341 tem·

280 1378 436 1463 poralium
453 1389 610 1441 amatores
624 1398 703 1463 quos
718 1399 781 1440 uon
798 1388 875 1441 aetas
889 1376 1039 1440 discernit
1054 1390 1110 1440 aut
1126 1400 1232 1454 sexus,

280 1501 342 1540 non
359 1477 473 1542 titulus
488 1476 703 1562 professionis
719 1498 781 1541 non
793 1477 914 1562 gradus
928 1477 1058 1552 ordinis,
1074 1500 1137 1540 non
1152 1480 1229 1542 emi·

278 1580 384 1644 nentia
406 1580 581 1663 dignitatis,
602 1602 665 1643 non
687 1579 826 1643 fortunae
847 1579 1000 1659 conditio,
1021 1602 1083 1643 non
1103 1591 1228 1647 naturae

279 1680 345 1744 fere
360 1684 394 1745 in
409 1681 514 1744 omnia
528 1692 633 1743 creata
647 1679 837 1744 dominantia
851 1679 1019 1766 impulsus,
1030 1703 1092 1744 non
1108 1682 1231 1768 insigne

280 1783 409 1849 habitus
424 1798 477 1848 aut
493 1782 633 1871 qualitas
655 1785 750 1846 vestis
765 1782 896 1869 excipit,
921 1782 976 1846 sed
992 1786 1057 1846 sola
1072 1783 1232 1848 evidentia

280 1885 477 1964 meritorum,
493 1885 548 1971 qui
562 1884 641 1948 adeo
657 1897 808 1948 verentur
818 1898 1002 1971 potestates,
1015 1898 1049 1948 ut
1068 1885 1126 1948 nisi
1137 1884 1232 1950 abeis

280 1985 371 2050 venia
392 1987 574 2072 impetrata,
604 2008 661 2049 nec
690 2007 763 2049 oum
794 1984 863 2072 ipsa
888 1985 990 2050 salute
1020 1986 1158 2054 audeant
1182 1985 1232 2050 vel

280 2086 374 2151 solius
405 2089 494 2152 verbi
517 2087 632 2152 habere
662 2091 901 2156 commercium„
939 2089 985 2153 Et
1007 2087 1139 2174 quidem
1162 2111 1231 2152 ver·

278 2178 352 2253 burn
385 2190 459 2264 Dei,
490 2189 599 2254 salutis
637 2189 860 2253 commercium
890 2202 960 2263 est3
1000 2189 1087 2276 quod
1119 2190 1233 2277 utique

278 2291 446 2374 protestari
459 2313 521 2352 non
532 2289 650 2354 audent
662 2311 767 2352 coram
779 2289 970 2370 hominibus,
979 2290 1032 2353 sed
1043 2290 1232 2375 impugnare

277 2402 476 2473 praesumunt
506 2390 634 2477 publice
657 2390 863 2456 confidenter.
908 2391 1033 2456 Deinde
1055 2392 1232 2457 nesciebam

278 2493 341 2554 etsi
353 2514 516 2575 personam
527 2514 639 2567 meam,
649 2492 682 2555 in
691 2515 728 2555 eo
737 2492 823 2577 quod
830 2496 992 2560 ecclesiam
999 2495 1093 2559 Cant.
1109 2516 1233 2580 semper

279 2594 394 2676 amavi,
409 2609 441 2659 et
457 2609 494 2658 ut
506 2593 616 2659 multis
627 2608 762 2675 constat,
774 2595 802 2658 ei
817 2594 849 2658 in
860 2594 968 2661 multis
979 2595 1137 2683 patienter
1158 2580 1232 2682 pro-

275 2694 338 2764 fuit
369 2719 388 2759 a
418 2710 460 2773 te,
483 2696 565 2761 sicut
591 2697 632 2765 ab
654 2696 723 2760 aliis
745 2720 827 2783 quos
855 2719 1105 2782 promerueram,
1131 2699 1230 2761 amari

277 2798 477 2874 confiderem,
503 2799 583 2889 quid
613 2799 654 2863 de
672 2821 767 2864 causa
790 2812 937 2885 suscepta
960 2800 1103 2875 sentires,
1133 2811 1164 2864 et
1191 2822 1240 2870 an⁴

278 2901 360 2965 votis
382 2914 413 2965 et
434 2902 544 2966 favore
567 2901 662 2965 velles
677 2902 822 2967 assistere
847 2925 920 2973 oum
944 2902 1047 2974 turbis
1062 2915 1094 2967 et
1118 2901 1233 2988 prinoi-

278 3004 373 3087 pibus
403 3005 602 3069 sacerdotum
625 3005 671 3069 eis
699 3005 757 3091 qui
787 3005 959 3074 Christum
976 3005 1108 3069 Domini
1131 3027 1243 3090 perse-.

278 3116 431 3190 quuutur,
452 3127 492 3166 an
508 3117 677 3194 expectare,
698 3105 875 3184 nobiscum,
900 3104 1082 3182 (catholicae,
1095 3106 1234 3180 ecclesiae

279 3204 353 3267 filiis
368 3202 453 3282 dico)
472 3207 696 3290 regnumDei.
741 3207 795 3270 Ex
813 3218 1000 3291 quorautem
1023 3208 1102 3271 mibi
1117 3208 1157 3272 de
1172 3208 1234 3273 sin-

281 3305 411 3369 ceritate
428 3320 484 3369 tua
503 3307 661 3383 constitit„
677 3321 708 3372 te
728 3331 787 3395 per
801 3307 885 3374 illos.
899 3331 1034 3395 quotum
1057 3310 1136 3381 mihi
1155 3311 1234 3375 fides

280 3411 314 3472 in
330 3410 469 3472 Domino
484 3408 588 3472 fuerat
603 3408 785 3495 explorata,
802 3431 865 3481 non
882 3409 993 3476 distuli
1013 3411 1244 3498 salutare,‚pa-.

280 3522 369 3574 ratus
384 3507 502 3576 habere
515 3520 617 3572 tecum
630 3521 725 3593 prout
737 3508 1017 3576 decreverisverbi
1028 3511 1235 3597 obsequiique

280 3612 514 3673 commercium.
560 3610 642 3676 Nam
658 3612 698 3674 ab
721 3609 867 3696 apostolo
881 3609 991 3686 didici,
1011 3609 1087 3692 quia
1101 3610 1242 3684 verbum,

283 3712 414 3775 Domini
426 3735 487 3779 non
500 3724 545 3776 est
558 3712 735 3797 alligatum.
761 3714 856 3776 Certe
867 3734 926 3778 nec
940 3710 1066 3783 caritas:
1084 3711 1236 3797 quoniam

277 3813 372 3878 fortis
386 3824 434 3876 est
451 3826 487 3876 ut
498 3834 604 3875 mors:
628 3824 660 3875 et
676 3812 777 3883 sicubi
792 3834 854 3876 non
868 3810 1075 3894 simulatoria,
1090 3813 1143 3877 sod
1160 3836 1236 3877 vera

279 3928 338 3991 est,
353 3915 394 3979 ab
417 3912 612 3978 exhibitione
626 3911 876 3983 officiioohiberi
891 3935 954 3986 non
970 3927 1083 4000 potest,
1098 3915 1157 3978 ooii
1173 3927 1237 3978 tor-

279 4038 386 4100 porem
403 4014 515 4092 nescit,
531 4026 562 4077 et
578 4013 626 4077 sui
642 4014 800 4086 convincit
817 4037 921 4082 veram
942 4039 1009 4079 esse
1026 4015 1235 4081 substantiam

280 4138 343 4178 non
361 4114 523 4179 verbovel
543 4115 665 4199 lingua,
689 4115 743 4179 sed
760 4138 856 4201 opere
878 4129 915 4188 et¹
931 4115 1073 4178 veritate.
1119 4113 1165 4184 Et
1181 4123 1237 4183 tua

280 4216 424 4299 quidem,
448 4239 545 4308 quam
568 4216 608 4280 ad
631 4216 795 4299 ecclesiam
817 4215 994 4301 habes,;ex,
1010 4236 1047 4284 eo
1068 4208 1236 4298 perspicua

278 4328 339 4392 est,
353 4316 443 4401 quod
453 4317 558 4401 ipsum
568 4339 699 4402 operose
712 4328 743 4381 et
753 4314 923 4387 efficaciter
932 4312 1103 4389 excusasti,
1109 4334 1152 4392 ,ex
1164 4335 1238 4386 con-
