3034 5200
311 729 374 788 260
491 729 492 732 ’
572 739 708 785 Jorrvms
725 740 1004 786 sanasuamansrs
1176 725 1220 804 [a.
1238 744 1269 787 n.

313 890 579 956 conculcationem
603 904 795 965 sanctorum,
817 901 849 953 et
869 889 958 975 quod
982 913 1059 976 pace
1080 889 1182 976 ipsius
1204 893 1270 956 dic-

314 1007 383 1057 tum
402 992 453 1066 sit,
471 989 676 1072 ignominiam
699 989 831 1054 Christi.
878 989 996 1053 Sedent
1013 990 1175 1073 eregione
1189 991 1272 1057 blas·

315 1091 434 1178 phemi‚
450 1091 507 1176 qui
531 1089 591 1153 sub
613 1090 738 1153 nomine
762 1102 792 1153 et
815 1090 934 1154 honore
955 1090 1153 1168 sacerdotali,
1171 1115 1271 1156 sacer·

314 1192 437 1257 dotium
465 1204 712 1277 persequuntur,
740 1190 938 1275 principibus
964 1191 1141 1268 adulantes,
1166 1216 1271 1278 perse-

316 1306 494 1379 quutorum
518 1292 655 1356 ecclesiae
677 1291 891 1377 justificantes
916 1315 1068 1369 caussam,
1091 1294 1271 1359 exultantes

317 1394 350 1456 in
372 1395 467 1458 rebus
490 1393 644 1479 pessimis,
661 1394 778 1458 scilicet
803 1392 889 1478 quod
913 1393 1125 1478 potestatibus
1139 1394 1271 1460 adstite-

314 1509 391 1560 runt
407 1495 558 1558 adversus
580 1496 753 1559 Dominum
777 1508 809 1560 et
832 1496 985 1560 adversus
1000 1496 1166 1562 Christum
1189 1487 1268 1583 ejus,

314 1599 406 1683 cujus
416 1597 554 1682 sanguis
565 1619 622 1683 per
636 1620 689 1661 eos
705 1597 826 1661 effusus
841 1597 914 1661 licet
929 1597 1067 1661 militum
1084 1597 1269 1678 ministerio,

316 1699 356 1762 de
378 1712 461 1763 terra
484 1698 598 1762 clamat
622 1698 660 1761 arl
686 1698 871 1773 Dominum,
895 1699 996 1783 magis
1018 1721 1115 1785 quam
1140 1703 1268 1785 sanguis

315 1798 397 1863 Abel
410 1800 502 1884 justi,
519 1822 612 1885 quem
629 1799 728 1863 frater
742 1799 845 1886 ipsius
860 1799 1030 1864 interemit.

357 1901 485 1964 Horum
501 1915 597 1987 caput
613 1912 659 1964 est
674 1900 728 1963 ille
746 1901 967 1978 Eboracensis,
983 1923 1079 1987 quem
1098 1901 1220 1965 vidistis
1233 1917 1265 1966 et

314 2003 447 2066 audistis
460 2003 561 2088 palam
579 2003 609 2064 in
626 2003 714 2065 curia
729 2003 1000 2089 archiepiscopum
1014 2016 1267 2089 persequentem,

316 2118 348 2167 et
383 2104 439 2188 qui
468 2104 620 2186 indiguus
648 2103 752 2167 fuerat
788 2127 842 2167 ore
872 2104 1034 2189 sacrilego,
1065 2127 1131 2190 quo
1159 2127 1265 2168 necem

316 2203 464 2289 martyris
494 2203 688 2288 procuravit,
718 2204 820 2289 ipsius
850 2205 990 2290 proferre
1019 2228 1153 2269 nomen:
1192 2228 1265 2270 eum

314 2306 407 2391 plane
419 2305 586 2368 mendosus
602 2318 633 2369 et
649 2306 785 2369 mendax
796 2307 864 2391 jam
876 2306 1030 2371 inauditis
1046 2322 1265 2372 coruscantem

314 2404 474 2469 miraculis
496 2404 612 2482 adhuc,
629 2405 710 2470 sicut
733 2429 773 2469 ex
796 2406 895 2470 literis
917 2408 986 2492 ejus
1008 2420 1109 2493 patet,
1125 2409 1265 2474 nominat

316 2507 523 2570 Pharaonem.
570 2505 633 2570 Sed
657 2527 719 2568 non
742 2528 917 2587 movemur,
932 2510 957 2569 si
982 2507 1139 2592 flagitiosa
1160 2508 1267 2572 bellua

316 2622 488 2692 martyrem
511 2630 573 2670 non
596 2606 741 2686 honorat,
767 2631 852 2693 quae‚
875 2609 956 2672 sicut
981 2631 1079 2694 opera
1099 2609 1267 2674 manifesta

314 2708 515 2784 convincunt,
530 2709 635 2770 Deum
653 2707 763 2792 utique
775 2729 837 2769 non
851 2720 985 2772 veretur.
1015 2708 1145 2773 Dicitur
1159 2723 1265 2775 tamen

315 2810 403 2896 quod
420 2824 510 2897 parat
533 2809 573 2873 ad
595 2810 714 2873 curiam
738 2810 908 2894 proficisci,
925 2822 960 2873 ut
976 2825 1092 2895 purget
1109 2813 1183 2876 vitae
1199 2837 1263 2877 sor-

315 2913 400 2977 didae
416 2926 535 2988 notam,
551 2911 643 2996 quasi
659 2912 754 2973 homo
770 2912 826 2996 qui
842 2911 1000 2996 justitiam
1017 2912 1138 2988 fecerit,
1155 2929 1186 2979 et
1201 2937 1264 2980 non

314 3014 520 3099 dereliquerit
530 3011 689 3100 judicium
708 3011 770 3075 Dei
785 3013 845 3075 sui.
884 3014 928 3076 Et
944 3035 983 3075 ne
997 3012 1100 3099 ipsius
1115 3016 1265 3100 purgatio

316 3115 417 3179 valeat
433 3114 593 3201 impediri,
608 3113 793 3199 procuravit
816 3127 852 3177 ut
875 3114 955 3178 nulli
978 3128 1156 3180 nostratum
1173 3118 1265 3184 liceat

315 3216 529 3292 transfretare,
561 3217 620 3279 nisi
658 3216 777 3279 domini
812 3217 896 3300 regis
931 3218 1101 3302 impetrata
1131 3218 1265 3287 licentia.

315 3314 410 3390 Quod
441 3316 570 3397 quidem
601 3316 737 3378 obtineri
768 3339 829 3379 non
861 3330 975 3402 potest,
1008 3318 1065 3381 nisi
1096 3333 1265 3403 praestetur

313 3412 430 3488 cautio,
454 3413 539 3496 quod
564 3414 641 3475 nihil
669 3428 821 3498 queretur
848 3431 958 3480 contra
983 3420 1132 3502 martyris
1162 3444 1266 3503 perse·

313 3527 477 3602 quutores.
523 3513 606 3591 Quid
629 3536 705 3597 ergo
728 3513 843 3577 facient
866 3516 970 3578 miseri
993 3517 1130 3581 zelantes
1152 3518 1266 3604 legem,

314 3617 458 3682 videntes
476 3616 633 3704 justitiam
654 3615 803 3701 opprimi,
819 3628 851 3679 et
868 3616 927 3679 sibi
949 3618 1069 3681 exitum
1092 3617 1266 3705 denegari?

316 3720 377 3784 Sed
402 3730 487 3783 certe
513 3720 645 3783 verbum
669 3718 730 3781 Dei
757 3740 818 3781 non
846 3733 893 3782 est
920 3718 1098 3803 alligatum,
1120 3732 1152 3784 et
1176 3723 1266 3787 vobis

315 3822 444 3886 libertas
465 3833 524 3897 est,
541 3834 573 3885 et
595 3844 630 3884 os
652 3832 764 3906 patens
785 3820 826 3883 ad
849 3820 1010 3884 ecclesiam
1029 3824 1217 3903 Romanam,
1234 3837 1266 3889 et

314 3923 476 3987 notissima
500 3925 624 3986 veritas.
670 3920 812 3985 Novistis
837 3921 920 3984 enim
945 3935 1115 4006 martyrem
1143 3922 1175 3986 in
1199 3923 1266 3989 vita

314 4047 381 4101 sua,
396 4023 528 4104 novistis
548 4044 689 4085 caussam
714 4023 795 4109 ejus,
812 4023 942 4086 novistis
957 4035 989 4087 et
1004 4046 1061 4086 nos
1077 4024 1132 4110 qui
1148 4042 1277 4101 coexuf'

313 4125 448 4189 lavimus
476 4124 539 4187 illi:
579 4123 710 4188 novistis
740 4138 772 4187 et
802 4123 898 4188 istum
928 4126 1085 4211 Caipham
1115 4128 1266 4215 temporis

313 4229 421 4306 nostri,
432 4229 488 4311 qui
502 4228 561 4291 sub
577 4227 680 4312 specie
695 4227 916 4311 conquerentis
931 4229 1085 4313 persuasit
1101 4232 1263 4316 expedire,

316 4339 349 4387 ut
367 4348 447 4389 unus
463 4340 638 4391 moreretur
653 4340 709 4391 aut
720 4339 898 4412 caperetur,
911 4350 950 4392 ne
963 4343 1030 4395 tota
1044 4355 1123 4417 gens
1138 4333 1263 4417 periret.
