3034 5200
307 735 368 796 lac
568 746 705 791 maurus
720 743 999 791 saansaaamusrs
1159 728 1206 807 [A.
1223 747 1254 790 n.

306 903 333 966 si
343 899 499 984 poenitere
507 900 631 972 nolunt,
641 908 673 960 et
683 907 790 962 tamen
800 898 1035 961 absolutionem
1047 896 1260 980 importunius

305 1011 468 1085 quaerunt:
499 997 732 1083 respondeatur
753 999 801 1061 eis
822 999 855 1060 in
878 998 965 1060 omni
989 998 1119 1061 caritate
1140 1009 1173 1062 et
1191 1019 1259 1062 mo·

305 1103 418 1182 destia,
443 1101 518 1185 quia
542 1100 614 1164 haec
643 1099 853 1163 absolutionis
877 1100 980 1162 forma
1004 1099 1200 1180 evangelica
1227 1110 1260 1163 et

306 1204 491 1290 apostolica
505 1202 660 1267 doctrinm
681 1201 840 1265 contraria
854 1210 915 1278 est,
930 1213 963 1264 et
977 1222 1048 1284 quae
1069 1203 1110 1264 ab
1125 1202 1259 1285 antiquo

307 1306 531 1392 episcoporum
560 1304 630 1367 sine
657 1302 771 1387 majori
804 1303 991 1366 auctoritate
1019 1305 1162 1368 exerceri
1191 1327 1258 1368 non

304 1416 423 1492 potest,
433 1415 470 1469 ut
480 1406 528 1468 sic
539 1404 581 1468 ad
592 1402 802 1468 cardinalium
814 1404 1083 1468 consultationem
1094 1407 1261 1488 negotium

306 1506 468 1572 referatur.
507 1507 643 1570 Dicatur
656 1505 752 1568 etiam
769 1505 816 1568 eis
831 1504 916 1588 quod
932 1506 1091 1570 absolutio
1107 1530 1172 1571 uon
1188 1530 1260 1592 pro·

308 1607 391 1672 derit
416 1609 464 1672 eis
484 1607 525 1671 ad
547 1610 692 1684 salutem,
714 1606 776 1668 nisi
802 1607 989 1689 praecedant
1014 1609 1205 1691 poeniteutia
1230 1622 1262 1674 et

210 1732 213 1737 ·
307 1708 467 1774 confessio
479 1719 512 1771 et
526 1705 701 1771 satisfactio
711 1724 770 1786 pro
781 1706 941 1769 facultate.
973 1708 1160 1792 Numquam
1175 1711 1261 1773 enim

306 1811 355 1874 sic
369 1809 574 1893 impudentes
588 1816 679 1869 erunt
693 1807 801 1887 legati,
816 1817 852 1868 ut
865 1807 1105 1889 impoenitentes
1114 1811 1263 1896 judicent

308 1907 529 1975 absolvendos.
574 1906 609 1970 Si
625 1927 701 1970 rero
720 1906 938 1989 poeuituerint,
955 1918 988 1972 et
1007 1910 1262 1975 emendationem

308 2011 440 2095 publice
456 2006 670 2092 promiserint,
681 2007 757 2069 licet
772 2008 813 2069 ab
825 2007 873 2070 eis
887 2009 994 2073 cautio
1006 2024 1147 2096 nequeat
1157 2026 1261 2078 extor-

310 2111 413 2197 queri,
425 2130 487 2174 nec
509 2110 629 2172 inserta
643 2107 795 2171 mandato
817 2107 870 2186 sit,
885 2110 1008 2174 absolvi
1025 2113 1157 2176 fortasse
1172 2124 1264 2196 pote·

309 2222 392 2288 runt,
411 2220 447 2275 ut
467 2209 551 2292 regis
573 2218 606 2271 et
628 2207 838 2272 cardinalium
862 2210 1042 2292 indignatio
1065 2214 1262 2278 declinetur:

310 2314 388 2400 quia
414 2313 563 2396 praesumi
589 2310 707 2394 poterit
732 2311 971 2377 mandatoribus
996 2292 1095 2380 fuisse
1123 2331 1263 2381 cantum.

308 2414 477 2480 Habentur
498 2423 615 2491 autem,
630 2413 757 2497 quoties
778 2413 925 2494 aderunt,
940 2411 1059 2502 ubique
1081 2426 1113 2481 et
1135 2419 1265 2501 publice

308 2516 494 2605 protestatio
517 2515 618 2579 divini
634 2515 726 2601 juris.
773 2518 999 2598 Venmtamen,
1023 2520 1265 2606 archiepiscopo

309 2621 542 2705 displiciturum
568 2619 646 2697 scio,
668 2620 696 2683 si
721 2618 874 2683 mandato
900 2621 1028 2684 illorum
1051 2624 1265 2703 absolvantur,

309 2725 437 2810 quinon
447 2723 488 2787 de
498 2730 808 2805 acceptapotestate,
817 2722 874 2784 sed
884 2722 1120 2787 detemeritatis
1130 2726 1266 2790 audacia

308 2824 459 2891 mandare
488 2830 688 2908 praesumunt
712 2822 886 2904 episcopis,
912 2842 1008 2906 super
1037 2844 1117 2907 quos
1142 2826 1264 2889 nullam

307 2929 430 2993 habent
449 2926 677 2991 anctoritatem.
720 2923 767 2986 Et
782 2921 913 3007 quidem
933 2924 1045 2988 merito
1067 2924 1259 3009 displicebit

310 3030 377 3094 Sed
391 3028 468 3113 quia
482 3050 543 3109 ego
559 3038 591 3091 et
605 3026 659 3091 alii
674 3026 771 3091 amici
786 3027 831 3089 tui
847 3025 1093 3092 Cantuarienses
1107 3029 1142 3092 in
1156 3030 1266 3093 multis

251 3203 254 3210 ‚
308 3130 539 3215 promeruimus
554 3130 832 3212 archiepiscopum
847 3130 991 3213 quamvis
1006 3130 1118 3194 laesum
1134 3132 1265 3196 confido

310 3232 378 3295 fore
391 3230 592 3314 placabilem,
600 3242 632 3293 et
643 3230 730 3313 quod
740 3232 837 3294 nobis
848 3232 944 3315 plene
954 3233 1092 3296 remittet
1102 3234 1137 3297 in
1149 3234 1268 3313 animo,

310 3331 434 3415 siquid
448 3332 482 3394 in
497 3331 558 3394 hac
578 3332 769 3395 necessitate
784 3345 895 3396 contra
909 3355 945 3396 se
965 3333 1078 3397 viderit
1093 3356 1163 3397 esse
1185 3357 1266 3417 prae·

310 3445 482 3520 sumptum.
515 3435 550 3498 si
561 3434 711 3499 vidissem
723 3435 865 3498 mandati
876 3437 1132 3517 conceptionem,
1143 3437 1267 3519 planior

310 3547 394 3604 esset
412 3538 463 3602 via
485 3538 622 3601 consilii.
666 3538 773 3610 Quare
795 3556 911 3619 precor
932 3536 1095 3611 attentius,
1110 3547 1145 3599 ut
1167 3538 1267 3619 ipsius

307 3641 439 3718 litteras,
455 3640 482 3702 si
501 3635 607 3702 adhuc
623 3636 746 3701 traditas
768 3646 853 3715 sunt,
869 3635 948 3698 mihi
971 3635 1097 3698 mittere
1111 3657 1176 3698 non
1199 3658 1265 3699 mo-

308 3742 394 3804 reris.
440 3742 511 3804 Nec
534 3740 665 3803 excidat
687 3760 706 3800 a
727 3738 894 3811 memoria,
917 3737 1070 3821 quoniam
1093 3737 1127 3799 in
1153 3738 1268 3801 litteris
1355 3764 1359 3774 ·

310 3861 390 3927 quas
407 3841 575 3904 lohannes
590 3840 631 3902 de
646 3839 868 3903 Oxenofordia
883 3840 998 3915 attulit,
1006 3838 1106 3922 jussit
1119 3838 1269 3902 dominus

309 3964 405 4030 papa,
419 3952 455 4004 ut
477 3942 503 4004 si
524 3941 796 4003 excommunicati
816 3952 924 4005 essent
938 3942 972 4003 in
991 3941 1102 4004 mortis
1123 3940 1267 4023 periculo

311 4043 488 4118 constituti,
519 4052 596 4105 tunc
626 4041 865 4105 absolverentur
901 4042 1043 4123 praestito
1075 4042 1270 4127 juramento,

311 4148 441 4235 quodsi
460 4146 720 4209 convalescerent
740 4144 917 4225 apostolico
938 4155 1084 4227 parerent
1105 4145 1269 4223 mandato,

311 4252 350 4313 In
366 4249 478 4313 litteris
495 4268 624 4332 quoque
640 4245 758 4330 quibus
775 4245 954 4310 cardinales
969 4247 1199 4330 praecipiuntur
1215 4269 1271 4311 eos

312 4349 462 4414 reducere
477 4351 510 4412 in
529 4350 719 4414 sententiam
738 4350 960 4428 anathematis,
975 4350 1035 4413 nisi
1059 4352 1270 4415 satisfecerint
