3034 5200
305 690 364 747 tir}
567 698 997 744 consummaturus
1163 681 1213 761 [s.
1230 702 1262 747 u.

303 852 445 915 mudum
474 854 597 933 ingruit
626 852 658 912 in
689 873 797 935 preces
827 847 1051 925 descendendi,
1077 851 1155 935 quia
1180 851 1262 919 mihi

303 970 418 1016 nancta
431 973 495 1012 non
511 951 606 1012 nuato
619 950 661 1012 ad
677 950 907 1023 necessitatem,
923 947 978 1012 sed
1002 948 1043 1010 ad
1059 948 1214 1015 bonorem
1230 967 1264 1017 et

302 1048 570 1136 magnificentiam
587 1072 644 1133 pff
658 1068 780 1111 veteres
795 1050 911 1111 amicus
926 1050 1085 1115 ministrat
1096 1049 1259 1119 Christus.

304 1155 349 1216 Et
363 1153 494 1237 quidem
510 1173 573 1212 non
590 1150 706 1213 noetris
720 1152 842 1212 meritis
858 1166 905 1212 tot
921 1151 1128 1217 coerulantes
1142 1166 1175 1219 et
1190 1177 1263 1239 pro-

304 1254 440 1337 scriptus
449 1251 580 1314 exhibet
592 1252 625 1314 in
637 1268 723 1313 terra
735 1250 850 1326 aliena,
862 1249 916 1312 sed
929 1251 1070 1315 ecclesiae
1080 1276 1148 1317 suae
1158 1255 1261 1339 parcit

305 1368 338 1417 et
353 1353 517 1438 prospicit.
534 1352 692 1416 Dominus
702 1351 786 1413 enim
799 1352 953 1415 Cantuar.
969 1351 1132 1435 publicam
1148 1376 1264 1437 procu.

303 1472 354 1519 rat
369 1456 552 1533 utilitatem,
574 1478 634 1540 pro
654 1476 751 1516 causa
766 1451 828 1515 Dei
851 1452 995 1528 dimicat,
1019 1455 1171 1520 honorem
1185 1457 1260 1521 cleri

304 1559 461 1623 vendicat.
506 1557 659 1621 Ecclesiae
680 1571 792 1619 tuetur
812 1556 1004 1635 libertatem,
1025 1557 1132 1622 adhuc
1153 1572 1260 1623 tamen

305 1662 372 1722 suis
386 1660 552 1744 stipendiis
567 1659 695 1735 militat,
709 1673 767 1722 ant
782 1657 871 1743 quud
883 1659 1081 1722 nostratibus
1094 1660 1259 1725 infamiam

304 1764 421 1846 ingerit
448 1779 481 1826 et
495 1784 592 1823 causa
615 1761 827 1824 damnationis
850 1774 909 1839 est,
934 1761 1135 1827 miseratione
1157 1765 1262 1847 gentis

303 1863 416 1925 alienae
431 1862 528 1923 servit
543 1862 572 1922 ei
588 1861 728 1945 populus
743 1885 840 1947 quem
857 1884 920 1926 nou
935 1863 1097 1947 cognovit,
1112 1879 1145 1929 et
1160 1865 1259 1951 ipsius

303 1962 489 2046 sanguinem
505 1962 619 2025 sitiunt
635 1965 750 2026 summi
766 1964 925 2048 principes
944 1964 1155 2030 sacerdotum.
1178 1969 1258 2045 Quis

303 2063 443 2126 ecclesiae
456 2076 559 2125 status
581 2064 622 2126 sit
641 2076 698 2126 aut
717 2086 827 2147 regum
848 2064 1000 2142 conditio,
1019 2066 1101 2130 lator
1120 2090 1259 2153 prasen-

303 2167 384 2227 tium
400 2162 579 2248 plenissime
594 2163 720 2242 referet,
734 2165 785 2228 cui
798 2165 885 2249 quod
895 2167 1050 2252 placuerit
1063 2168 1259 2234 securissime

302 2260 449 2347 poteritis
463 2261 618 2327 intimare.

316 2562 540 2628 EPISTOLA
563 2563 864 2630 CCLXXlV.—an
878 2587 1019 2633 azotum
1035 2587 1241 2637 uouaonuu.

683 2668 767 2747 [mu.
789 2670 895 2750 1168]

577 2826 666 2889 Idem
681 2826 789 2890 Azoni
804 2830 975 2894 Monunio.

344 2980 515 3037 Arrucrus
544 2975 585 3038 ab
615 2973 731 3037 effectu
762 2975 972 3055 convincitur,
998 2993 1029 3042 et
1059 2978 1252 3067 plerumque

300 3095 403 3135 sermo
418 3073 521 3137 bonus
546 3073 664 3138 donum
690 3098 842 3158 magnum
867 3079 1060 3144 transcendit
1084 3080 1116 3143 in
1140 3083 1253 3167 gratia.

301 3172 388 3245 Quid
404 3194 480 3256 ergo
491 3174 593 3238 dicam
608 3176 664 3259 qui
677 3176 766 3241 obice
779 3180 975 3265 tempestatis
986 3181 1134 3248 exclusus
1145 3186 1256 3249 amicis

300 3271 418 3335 servire
433 3294 566 3357 nequeo,
576 3298 634 3338 nec
646 3276 781 3341 liberum
795 3293 842 3343 est
858 3282 936 3346 mihi
947 3282 1008 3347 illis
1022 3286 1257 3350 communicare

299 3371 351 3436 vel
375 3373 496 3436 verbo?
538 3375 745 3441 Scribamue?
777 3382 832 3445 sed
858 3383 978 3449 alienus
1001 3386 1138 3472 portitor
1161 3410 1255 3451 rarus

297 3474 474 3536 intermeat.
520 3473 651 3540 Mittam
674 3481 865 3564 proprium?
896 3484 951 3548 sed
974 3487 1052 3550 meis
1075 3485 1253 3551 tenduntur

297 3572 439 3639 insidia:
464 3596 521 3639 nec
532 3588 579 3640 est
594 3575 709 3664 aliquis
725 3583 782 3665 qui
795 3603 828 3645 se
838 3581 869 3646 in
886 3586 1058 3670 praevisum
1073 3587 1250 3673 periculum

298 3690 411 3763 sponte
435 3677 590 3766 projiciat.
636 3681 699 3747 His
723 3705 800 3769 ergo
823 3684 1067 3754 difficultatibus
1091 3690 1194 3756 rarius
1219 3703 1252 3755 et

298 3777 404 3840 minus
419 3779 539 3845 scribo:
571 3782 625 3848 sed
641 3798 726 3850 certe
744 3808 808 3850 nou
833 3788 938 3853 minus
958 3812 1049 3856 amo:
1080 3791 1205 3855 facilius
1219 3805 1252 3857 et

298 3879 402 3942 verius
425 3877 562 3944 dixerim
577 3886 687 3969 magis.
733 3889 817 3952 Nam
833 3903 870 3954 ut
885 3890 1078 3957 infirmitatis
1101 3891 1250 3956 humanae

295 3981 438 4046 conscius
468 3991 500 4043 et
530 3981 562 4043 iu
593 3985 700 4049 vetitis
729 3990 849 4072 saepius
881 4004 1122 4080 attemptamur.
1183 3994 1247 4057 Sed

294 4097 422 4147 uictore
439 4085 509 4146 Deo
524 4083 662 4168 pnicclla
675 4109 749 4171 qum
764 4089 880 4153 collisit
895 4096 1057 4160 ecclesiam
1068 4098 1137 4183 jam
1153 4095 1249 4160 detu-

292 4186 411 4262 mescit,
426 4199 458 4251 ct
476 4199 511 4250 ut
537 4186 569 4249 iu
594 4185 698 4272 ipsum
713 4189 905 4255 confidimus
931 4216 1063 4279 prorsus
1079 4211 1245 4264 evanescet

290 4283 321 4346 iu
341 4285 438 4349 lucri.
487 4287 617 4352 lutcrim
641 4289 716 4353 milti
741 4292 940 4376 pmpmitum
965 4310 1011 4361 cst
1033 4299 1140 4383 gratia
1164 4322 1247 4386 prae-
