3034 5200
284 711 393 790 noa]
666 728 844 775 eersrone.
1193 720 1232 776 77

282 881 383 944 tium:
406 890 448 958 et,
464 881 491 944 si
507 881 583 944 mihi
599 901 665 943 nou
681 881 776 943 fuerit
791 881 937 944 exhibita
951 881 1140 956 consolatio,
1156 883 1232 945 mihi

280 990 383 1045 tamen
400 982 555 1064 reputabo
578 981 760 1063 impensum
781 980 938 1064 quicquid
960 980 1032 1043 aliis
1046 982 1231 1065 proscriptis

281 1082 403 1146 Christi
417 1102 476 1165 per
491 1103 548 1144 ros
563 1103 682 1145 novero
698 1102 767 1145 esse
782 1081 974 1145 exhibitum.

319 1406 541 1473 EPISTOLA
564 1408 826 1474 ccxxii-ln
839 1426 993 1472 Joauusu
1009 1427 1197 1473 EPIscoPUM

496 1527 750 1574 ercravruusau.
798 1508 887 1592 [an.
905 1510 1015 1589 1167.]

401 1670 540 1733 Domino
554 1671 678 1735 loanni
693 1671 894 1735 pictaviensi
908 1671 1018 1752 Epire.
1032 1671 1067 1736 J.
1085 1634 1126 1734 ss

323 1810 520 1871 Rueuoauu
549 1806 733 1869 collisiones
763 1815 795 1869 et
820 1817 908 1868 terrae
938 1816 1042 1868 motus
1067 1805 1174 1886 magni
1201 1816 1233 1869 et

279 1910 510 1973 imminentium
522 1909 735 1992 periculorum
747 1907 854 1971 exitus
864 1928 915 1969 me
931 1908 1087 1971 calamum
1100 1927 1234 1989 suspen·

279 2011 354 2076 dere
370 2011 489 2074 diutius
505 2018 689 2090 coegerunt,
699 2018 732 2071 et
747 2008 965 2072 commodiora
979 2007 1138 2071 scribendi
1154 2018 1232 2071 tem-

278 2134 355 2196 pora
370 2123 553 2195 expectare.
588 2111 703 2175 Bellici
718 2131 859 2194 namque
875 2111 1030 2173 tumultus
1045 2120 1153 2173 aestate
1169 2111 1234 2174 sere

278 2222 345 2276 tota
360 2215 515 2276 ferventes
526 2210 738 2274 intermeandi
754 2211 934 2274 facultatem
945 2209 1118 2274 litterarum
1133 2212 1232 2294 porti·

277 2313 401 2376 toribus
422 2313 661 2396 praecluserunt,
676 2312 758 2374 etin
773 2313 852 2375 urbe
867 2312 1020 2375 Remensi
1036 2321 1105 2375 orta
1119 2312 1232 2377 seditio

278 2415 325 2477 sic
345 2413 482 2477 turbavit
502 2413 712 2496 provinciam,
728 2424 765 2476 ut
785 2414 843 2476 vix
865 2423 968 2477 tutum
990 2413 1085 2476 fuerit
1106 2412 1232 2496 ingredi

280 2516 332 2578 vel
347 2514 454 2596 egredi
473 2514 643 2576 civitatem.
688 2513 954 2598 conspiraverant
977 2515 1063 2577 enim
1083 2513 1171 2577 cives
1191 2515 1232 2579 de

282 2616 470 2678 clericorum
489 2615 625 2677 consilio
641 2626 673 2678 et
688 2615 807 2678 auxilio
822 2616 957 2678 militum
971 2616 1108 2679 nitentes
1123 2627 1235 2680 coutra

280 2717 570 2800 archiepiscopum,
585 2718 641 2799 qui
663 2738 764 2781 novas
780 2714 936 2800 quasdam
957 2715 1118 2779 indebitas
1132 2728 1166 2779 et
1184 2718 1232 2780 in·

278 2815 457 2881 tolerabiles
488 2818 656 2881 servitutes
684 2818 815 2881 volebat
847 2817 1012 2899 imponere
1042 2816 1171 2891 civitati,
1201 2829 1234 2882 et

278 2919 483 2983 ecclesiarum
506 2928 607 2982 turres
629 2929 662 2983 et
683 2918 797 2983 domos
818 2918 1004 2982 munitiores
1027 2926 1234 3000 occupantes,

278 3019 471 3081 officialibus
497 3029 529 3079 et
552 3019 665 3082 amicis
690 3019 922 3103 archiepiscopi
943 3017 1057 3102 ejectis
1078 3019 1120 3083 ab
1143 3020 1232 3093 urbe,

278 3123 395 3184 multas
416 3122 447 3183 ei
469 3120 602 3203 injurias
623 3122 807 3186 intulerunt.
851 3124 898 3186 Et
918 3123 1023 3206 primo
1048 3121 1176 3206 quidem
1202 3122 1232 3185 ei

279 3242 409 3284 omnem
433 3222 649 3286 humilitatem
672 3224 895 3301 exhibuerant,
918 3223 1021 3306 parati
1044 3223 1108 3286 duo
1132 3223 1234 3288 millia

278 3321 441 3399 librarum,
463 3322 546 3384 sicut
564 3322 657 3385 multi
678 3332 843 3403 testantur,
866 3323 1010 3388 conferre
1030 3324 1065 3386 in
1087 3324 1231 3388 aerarium

278 3422 359 3507 ejus,
383 3421 558 3487 dummodo
581 3444 636 3487 eos
659 3424 729 3509 jure
752 3434 901 3489 tractaret
923 3436 955 3488 et
977 3426 1106 3506 legibus
1130 3427 1233 3490 virere

277 3532 449 3605 pateretur,
464 3525 581 3608 quibus
603 3525 716 3590 civitas
737 3527 890 3589 continue
907 3547 965 3589 usa
984 3536 1068 3589 esta
1089 3537 1232 3609 tempore

277 3625 380 3688 sancti
394 3625 535 3707 Remigii
559 3628 751 3691 Francorum
775 3627 922 3711 apostoli.
967 3626 1122 3690 Adierant
1136 3629 1233 3693 etiam

278 3724 582 3791 Christianissimum
608 3750 728 3810 regem,
751 3729 809 3793 sed
832 3750 893 3793 nec
915 3750 973 3812 per
990 3750 1074 3802 eum,
1097 3730 1231 3809 rigorem

275 3828 509 3912 archiepiscopi
521 3830 648 3893 flectere
662 3840 846 3913 potuerunt.
890 3830 1110 3911 Confugerunt
1124 3832 1231 3915 itaque

275 3928 316 3992 ad
332 3930 481 3993 comitem
504 3931 693 4010 Henricum‚
707 3941 741 3995 et
758 3953 802 3995 ex
820 3933 888 4016 ejus
907 3935 1043 3998 consilio
1068 3946 1232 3999 cesserunt

274 4031 351 4112 regi,
375 4053 468 4115 quem
492 4031 755 4116 archiepiscopus
777 4033 964 4109 adduxerat,
987 4036 1075 4098 utin
1098 4033 1231 4095 brachio

276 4132 345 4216 ejus
371 4142 548 4196 contereret
574 4134 746 4198 civitatem.
793 4136 867 4197 Rex
891 4146 996 4198 autem
1024 4133 1147 4204 dolens,
1174 4133 1230 4198 sed

276 4243 381 4295 tamen
402 4236 506 4298 fratris
526 4236 723 4298 satisfaciens
737 4219 912 4313 voluntati,
927 4236 1053 4298 circiter
1075 4229 1233 4314 quiuqua-

277 4331 497 4413 gintadomos
520 4333 602 4396 dirui
624 4336 707 4413 secit,
726 4344 759 4398 et
780 4335 922 4398 recessit
967 4334 1063 4402 Cives
1084 4348 1160 4393 vero
1181 4332 1234 4399 die
