3034 5200
284 709 391 787 llos]
665 724 844 768 11131111.
1173 709 1232 768 185

280 875 459 939 sollicitudo
475 876 624 939 firmasse.
661 876 711 939 Sic
727 887 758 937 et
776 876 892 938 Petrus
908 873 1080 957 trepidavit
1097 873 1153 936 ubi
1169 895 1231 935 non

279 989 345 1036 1131
369 975 473 1050 timor,
490 988 521 1037 et
544 973 696 1059 impedire
720 985 856 1036 conatus
881 983 928 1035 est
951 972 1099 1034 humanae
1122 970 1233 1034 salutis

280 1075 475 1159 mysterium,
489 1079 566 1140 dum
580 1074 712 1138 carnalis
724 1074 849 1137 affectio
862 1072 987 1137 studuit
999 1073 1039 1135 ab
1051 1072 1106 1136 illa
1122 1070 1233 1136 Domi·

163 1158 167 1166 ⁶
207 1200 213 1206 ’
279 1198 353 1240 num
370 1177 556 1262 praepedire.
603 1181 676 1240 Non
700 1198 770 1239 sum
793 1178 873 1239 adeo
895 1174 1045 1259 stupidus
1061 1174 1139 1258 quin
1162 1196 1232 1258 per·

280 1278 415 1362 pendam
442 1279 643 1342 necessitates
675 1291 758 1355 tuas,
784 1276 860 1361 quin
895 1276 1056 1359 angustias
1090 1274 1231 1348 sentiam,

280 1379 358 1462 quin
375 1379 487 1442 metiar
503 1378 722 1441 discretionem
739 1400 804 1462 qua
818 1389 944 1461 oportet
967 1377 1099 1460 tempori
1114 1397 1231 1438 morem

279 1501 399 1562 gerere,
423 1491 453 1541 et
483 1479 615 1541 transire
639 1501 696 1565 per
718 1479 879 1542 infamiam
906 1490 938 1540 et
962 1477 1078 1539 famam
1104 1477 1233 1553 bonam,

281 1593 405 1642 servata
421 1593 526 1643 tamen
542 1579 646 1643 radice
662 1579 736 1643 fidei
752 1591 784 1643 et
800 1579 939 1644 virtutis
971 1578 1004 1641 Si
1021 1591 1113 1657 taces,
1127 1581 1154 1642 si
1170 1600 1232 1640 non

281 1679 401 1756 scribis,
425 1680 549 1743 cautela
571 1680 708 1744 declinas
735 1681 871 1744 insidias.
921 1678 1063 1764 Expedit
1089 1679 1172 1741 enim
1196 1693 1233 1743 ut

281 1781 453 1845 officiorum
476 1781 674 1847 moderatrix
704 1782 877 1866 prudentia
906 1784 1056 1867 sapientis
1085 1794 1175 1844 actus
1201 1794 1233 1844 et

283 1884 378 1945 verba
393 1883 562 1968 dispenset.
596 1882 716 1948 Mentis
727 1896 834 1948 autem
847 1883 978 1967 agitatio
990 1883 1076 1948 nulla
1087 1884 1119 1945 vi
1130 1895 1233 1968 potest

282 1983 429 2047 cohiberi.
482 1989 551 2048 Nec
581 2007 673 2068 aquoe
704 1983 814 2048 multae
843 1982 1018 2069 praevalent
1048 1981 1234 2066 extinguere

282 2086 457 2146 caritatem.
516 2085 627 2169 Hujus
667 2083 819 2147 instinctu
862 2082 994 2145 latorem
1031 2081 1234 2166 praesentium

284 2185 382 2260 emisi,
404 2185 504 2269 utgde
531 2186 639 2249 amicis
665 2186 816 2249 certificet
843 2197 874 2248 et
903 2207 956 2247 eos
985 2183 1025 2247 de
1052 2195 1136 2246 statu
1167 2205 1236 2246 meo

281 2287 392 2348 faciam
415 2287 574 2350 certiores.
624 2286 719 2348 Valeo
741 2285 824 2349 enim
848 2299 879 2348 et
898 2283 1056 2368 jucundor
1070 2286 1096 2347 si
1119 2284 1163 2346 sic
1178 2282 1234 2347 illi.

286 2384 405 2448 Valere.

284 2673 504 2753 EPISTOLA
528 2674 846 2737 CCLXXVll.-au
862 2692 1069 2738 wimanuuu
1085 2688 1237 2735 1111111111

522 2785 728 2838 1111111111.
778 2775 823 2855 [a.
841 2795 871 2837 u.
891 2776 1000 2855 llus]

456 2966 546 3027 Idem
569 2966 719 3029 Willelmo
735 2968 843 3029 Priori
857 2967 1065 3029 deMcrimn.

330 3103 462 3161 11111111
490 3098 688 3181 promotione
724 3111 828 3162 vestra
856 3102 984 3183 gavisus
1014 3120 1095 3176 sum,
1126 3097 1236 3164 videus

285 3200 377 3262 illum
399 3199 527 3261 domino
548 3222 617 3261 meo
640 3214 672 3263 et
694 3202 796 3265 amico
819 3202 981 3278 substitui,
1000 3202 1052 3265 cui
1075 3201 1115 3263 ad
1138 3200 1236 3265 hono·

287 3323 350 3362 rem
365 3300 427 3362 Dei
438 3312 469 3362 11
484 3299 653 3364 utilitatem
665 3301 801 3365 fratrum
818 3302 972 3366 nemiuem
984 3306 1016 3367 in
1029 3314 1097 3367 tota
1108 3302 1238 3368 ecclesia

285 3405 392 3466 censui
416 3401 659 3486 praeferendum.
706 3404 789 3466 Nam
813 3418 933 3490 quanta
955 3404 1119 3469 affectione
1141 3404 1238 3467 eccle-

286 3508 362 3566 siam
388 3503 518 3588 diligam
543 3504 631 3568 novit
656 3503 708 3568 ille
733 3505 818 3569 solus
844 3510 902 3592 qui
928 3505 1017 3570 dedit
1040 3518 1075 3569 ut
1100 3528 1238 3568 amarem

286 3606 428 3690 mihique
443 3606 657 3669 testimonium
674 3605 769 3692 quale
792 3619 895 3691 potest
910 3605 1099 3669 conscientia
1122 3603 1236 3667 reddit.

288 3709 355 3769 Nec
377 3705 490 3769 diffido
512 3709 589 3790 quin
606 3728 663 3789 per
685 3708 822 3789 gratiam
839 3707 900 3770 Dei
923 3710 955 3769 in
971 3706 1040 3788 ejus
1062 3703 1237 3768 succedatis

286 3807 459 3885 caritatem,
484 3806 541 3890 qui
566 3808 759 3871 successistis
783 3808 814 3869 in
842 3807 965 3870 sedem:
999 3817 1030 3869 et
1048 3805 1127 3891 quin
1149 3805 1236 3889 apud

288 3931 341 3971 vos
367 3908 457 3971 illum
485 3924 608 3970 teneam
635 3907 740 3970 locum
766 3932 860 3995 quem
886 3923 992 3973 tenera
1015 3928 1236 3972 consueveram

288 4007 373 4091 apud
396 4008 511 4091 ipsum.
558 4006 606 4068 Ut
628 4019 732 4069 autem
756 4008 915 4071 exanimi
938 4008 1093 4071 sententia
1115 4010 1239 4087 loquar,

289 4129 337 4168 me
363 4108 445 4169 inter
472 4108 589 4191 primos
611 4108 788 4171 carissimos
811 4109 993 4194 reputabat,
1014 4120 1045 4169 et
1067 4125 1184 4190 paucos
1206 4114 1238 4166 et

290 4206 407 4269 multos
421 4213 478 4291 qui
501 4233 550 4273 me
565 4224 790 4294 praecesserant
812 4209 941 4286 meritis,
957 4211 1061 4292 gratia
1083 4203 1240 4290 praecede-

291 4307 372 4369 bam.
413 4311 495 4372 Nam
522 4310 561 4372 de
589 4310 708 4373 meritis
733 4310 863 4394 gloriari
892 4332 952 4372 nou
979 4329 1126 4394 possum:
1160 4306 1238 4368 etsi
