3034 5200
304 685 364 746 106
581 699 718 744 torturus
734 698 1012 744 sanusnnnruusrs
1159 681 1204 760 [A.
1221 701 1252 744 n.

322 961 545 1026 EPISTOLA
568 961 878 1028 ccxxxvi-ln
901 981 1087 1027 nonnarum
1110 983 1230 1028 rrnrunr

567 1090 712 1136 morona
762 1069 807 1150 [A.
824 1091 855 1134 n.
875 1075 985 1149 llos]

587 1228 799 1313 Robertofilio
815 1229 970 1313 AEpidice.

342 1367 496 1430 Ancrloa
517 1387 622 1430 nexus
644 1375 692 1427 est
716 1365 855 1428 caritatis
878 1386 973 1448 quam
1003 1365 1191 1446 sanguinis:
1217 1378 1249 1428 et

298 1471 355 1534 ubi
380 1469 529 1552 coguatio
552 1467 735 1530 distrahitur
757 1466 945 1545 animorum,
968 1470 1057 1530 carni
1080 1466 1254 1551 conjuncta

299 1593 374 1637 caro
396 1593 463 1633 non
485 1569 617 1652 prodest
641 1567 825 1651 quicquam.
874 1567 930 1630 Ex
960 1589 1024 1651 quo
1047 1568 1084 1630 fit
1109 1578 1145 1631 ut
1169 1569 1253 1632 inter

298 1676 388 1759 ipsos
409 1673 520 1737 fratres
543 1672 585 1734 sit
606 1671 689 1733 alius
711 1670 890 1752 germanior
912 1669 987 1747 alio,
1010 1670 1086 1733 dum
1102 1692 1160 1753 pro
1176 1691 1253 1734 con·

300 1775 457 1838 formitate
472 1793 606 1846 morum,
623 1792 680 1853 pro
702 1769 886 1835 dilectionis
901 1784 1073 1852 augmento
1093 1794 1165 1836 vera
1179 1794 1252 1854 cog-

299 1874 386 1937 uatio
409 1893 502 1935 suum
524 1871 635 1954 recipit
657 1870 898 1934 incrementum.
945 1873 1031 1935 Nam
1054 1895 1127 1957 quae
1149 1874 1254 1936 camis

300 1974 458 2037 duntaxat
469 1982 526 2044 est,
539 1993 605 2033 non
615 1970 717 2050 magis
730 1982 779 2034 est
794 1971 958 2034 homiuum
969 1993 1064 2055 quam
1078 1974 1251 2036 brutorum.

300 2076 381 2148 Quae
396 2072 472 2155 quia
500 2071 631 2135 rationis
654 2072 799 2154 expertia
820 2083 908 2150 sunt,
931 2082 964 2136 et
985 2073 1108 2136 virtutis
1129 2073 1250 2155 ignara,

299 2197 365 2239 non
387 2175 632 2237 reminiscuntur
654 2174 742 2258 quod
765 2177 850 2238 mala
878 2185 964 2253 sunt,
982 2176 1144 2258 legitimos
1170 2175 1251 2238 obli·

298 2277 462 2341 viscuntur
483 2277 626 2353 affectus,
649 2286 681 2338 et
704 2297 769 2359 quo
792 2276 972 2360 provectior
992 2276 1086 2339 fuerit
1108 2288 1195 2351 aetas,
1212 2297 1250 2338 eo

298 2379 427 2462 longius
447 2377 601 2441 recedunt
616 2399 634 2441 a
648 2387 771 2451 natura,
788 2391 821 2441 et
833 2378 965 2442 inutiles
988 2379 1093 2443 carnis
1115 2399 1252 2462 sequun-

300 2492 351 2547 tur
372 2481 543 2565 appetitus.
588 2481 754 2563 Expertus
773 2491 906 2564 experto
928 2484 1052 2565 loquor,
1068 2474 1252 2565 quiveram

301 2583 524 2666 cognationem
541 2604 665 2647 acarne
679 2582 821 2647 desertus
836 2595 868 2647 et
879 2585 1034 2667 sanguine
1046 2585 1130 2649 iuter
1144 2584 1252 2648 alieni-

300 2709 399 2771 genas
421 2686 534 2770 reperi.
580 2686 631 2749 Tu
654 2707 728 2768 ergo
751 2708 849 2770 quum
872 2686 951 2748 mihi
974 2688 1126 2769 sauguine
1152 2685 1253 2769 (quod

300 2791 399 2855 facies
424 2790 497 2873 ipsa
521 2787 696 2870 convincit)
716 2788 852 2870 junctus
876 2788 929 2863 sis,
953 2798 985 2850 et
1007 2788 1148 2866 caritate,
1164 2787 1251 2871 quod

300 2915 397 2977 quum
406 2893 589 2968 multatum
602 2889 964 2972 inauratushyacinthus
976 2889 1251 2973 quotidieprobat,

300 2994 380 3055 alios
396 2991 577 3069 antecedas,
589 3012 684 3075 quem
696 2989 859 3073 praeferam
875 2990 935 3053 tibi
948 2990 960 3055 ἓ
984 2990 1054 3054 scio
1066 2991 1151 3053 enirn
1164 2990 1252 3076 quod

299 3105 330 3157 et
345 3105 379 3157 tu
394 3115 514 3177 paucos
530 3092 700 3156 admodum
717 3094 868 3177 praeferas
879 3095 969 3171 mihi,
983 3094 1047 3158 nisi
1063 3095 1141 3158 sorte
1153 3114 1252 3177 nepo·

302 3198 385 3260 tulus
399 3217 491 3259 meus
507 3192 587 3258 adeo
602 3194 807 3259 transfuderit
821 3196 855 3259 in
871 3218 905 3260 se
921 3198 1019 3281 patris
1041 3198 1253 3274 affectionem,

299 3311 335 3363 ut
363 3299 444 3361 nihil
467 3297 604 3361 caritatis
627 3307 682 3360 aut
703 3298 799 3360 solito
822 3298 926 3361 minus
949 3300 1111 3383 reliquerit
1132 3309 1253 3382 patruo.

301 3398 365 3463 Sed
377 3410 461 3464 certe
470 3399 533 3462 hoc
544 3398 623 3460 mihi
633 3397 818 3483 persuaderi
829 3420 895 3462 non
904 3409 1019 3482 potest.
1058 3402 1128 3462 Nec
1141 3398 1253 3461 dubito

300 3502 377 3585 quin
393 3501 424 3563 io
449 3511 576 3585 pectore
597 3487 653 3564 tuo
675 3500 753 3563 mihi
776 3510 955 3564 reservatus
977 3500 1020 3563 sit
1041 3499 1254 3582 amplissimus

297 3607 398 3668 locus.
443 3603 507 3667 Sed
522 3605 555 3666 in
572 3604 668 3667 domo
684 3615 739 3667 tua
761 3603 840 3666 mihi
855 3604 965 3665 locum
981 3602 1135 3685 optimum
1151 3600 1248 3664 desti·

300 3706 392 3784 uasti,
410 3716 442 3769 et
459 3704 732 3789 jucundissimum
754 3718 830 3790 post
851 3705 940 3769 illum
964 3726 1058 3789 quem
1081 3703 1253 3787 occupabit

299 3806 405 3879 archa
419 3827 490 3887 quae
500 3808 624 3889 species
635 3829 740 3871 rerum
752 3809 896 3872 continet
907 3809 1059 3892 pemtiles
1070 3805 1112 3869 ad
1123 3826 1251 3867 omnem

300 3907 502 3972 medicinam.
549 3909 630 3980 Quae
653 3909 680 3972 si
703 3911 870 3973 exhausta
899 3920 953 3972 aut
975 3907 1150 3970 imminutae
1168 3917 1251 3978 sunt,

302 4021 411 4075 aestate
427 4009 597 4093 praeterita,
619 4033 660 4074 ne
678 4011 811 4075 turberis
832 4011 909 4095 quia
926 4010 958 4071 in
974 4007 1094 4072 eisdem
1110 4028 1255 4070 succres-

302 4111 497 4188 cunthortiS‚
505 4109 562 4173 ubi
572 4131 626 4174 eas
636 4110 785 4189 colligere
801 4129 1025 4172 consueveras:
1042 4118 1074 4172 et
1089 4108 1116 4171 si
1127 4106 1253 4171 radices

302 4212 483 4276 abdiderint
511 4212 545 4273 in
575 4207 783 4294 profundum,
821 4230 874 4273 eas
903 4210 1092 4292 profundius
1129 4209 1250 4273 fodito:

301 4315 377 4395 quia
398 4314 476 4377 odor
496 4336 602 4377 earum
624 4311 827 4378 suavissimus
848 4326 905 4392 est,
922 4326 954 4377 et
974 4335 1050 4378 usus
1072 4315 1252 4378 maximus:
