3034 5200
294 730 357 788 204
571 741 707 786 roaums
722 739 1001 785 saansnnmsums
1151 723 1195 803 [Δ.
1214 744 1245 788 n.

294 889 500 955 conioedemti
528 903 603 956 sunt
629 889 781 955 adversus
807 911 915 954 omnes
940 890 1093 970 homines,
1118 892 1245 977 adjecto

294 1017 334 1057 ex
357 1004 447 1078 parte
470 992 649 1078 utriusque,
674 991 763 1056 salvo
784 1015 822 1055 eo
844 992 932 1079 quod
955 991 1050 1057 debet
1073 992 1244 1068 Ricardus,

293 1092 376 1156 filius
392 1092 474 1175 regis
490 1093 624 1177 Augila,
639 1091 735 1154 filiam
752 1095 836 1176 regis
855 1093 1052 1156 Francorum
1076 1092 1143 1156 sine
1165 1093 1242 1159 dote

294 1191 409 1256 ducere
435 1214 577 1256 uxorem.
629 1193 765 1255 Secretae
790 1191 1004 1277 obligationis,
1028 1193 1123 1278 cujus
1148 1217 1246 1281 supra

295 1292 433 1370 memini,
449 1293 482 1356 in
497 1293 590 1357 linem
615 1293 746 1358 alterius
767 1294 841 1357 anui
864 1293 965 1358 dilata
984 1307 1033 1360 est
1056 1297 1247 1382 propalatio,

295 1416 345 1468 ne,
373 1394 398 1457 si
425 1395 655 1479 praecognitum
681 1393 779 1458 fuerit
811 1394 896 1479 quod
928 1407 1096 1474 tractatur,
1121 1397 1245 1463 facilius

295 1495 397 1559 valeat
416 1494 573 1580 impediri.
618 1494 815 1560 Teutonicus
837 1507 1003 1581 tyrannus,
1018 1498 1147 1562 consilio
1168 1521 1245 1584 pru·

295 1595 428 1660 dentum
451 1596 551 1680 partis
574 1619 651 1672 suae,
666 1595 797 1660 abbates
820 1597 1060 1663 cisterciensem
1084 1612 1116 1664 et
1139 1601 1246 1664 Clare-

296 1697 462 1761 vallensem
478 1697 604 1775 accivit,
619 1720 692 1760 cum
714 1696 752 1760 iis
768 1709 800 1760 et
822 1720 879 1783 per
900 1721 964 1779 eos,
980 1715 1016 1765 ut
1036 1701 1189 1780 creditur,
1204 1702 1245 1768 de

294 1821 372 1884 pace
386 1797 524 1860 ecclesiae
540 1807 740 1861 tractaturus.

296 2110 513 2174 EPISTOLA
542 2107 894 2173 cccxxxvi-sn
915 2129 1070 2174 emonam
1091 2130 1243 2175 enroanu

309 2230 352 2273 nn
369 2226 484 2271 nomn
498 2226 553 2271 nm
572 2228 612 2271 nr
629 2228 880 2274 nuonnnsnruu
896 2229 940 2274 nn
955 2229 1062 2274 vanno
1077 2231 1102 2276 s.
1117 2230 1227 2275 carm.

589 2309 673 2388 [an.
692 2315 784 2374 1169.
808 2335 851 2375 m.
866 2311 965 2397 dum]

303 2470 535 2536 Venerabilibus
550 2471 684 2532 dominis
698 2475 730 2531 ct
751 2471 862 2531 amicis
881 2471 985 2551 priori
999 2471 1039 2533 de
1053 2477 1158 2534 monte
1171 2471 1245 2546 Dei,

338 2582 368 2638 et
383 2574 421 2638 de
434 2573 517 2637 colle
533 2571 648 2635 Sancti
658 2572 751 2634 Petri
762 2591 843 2634 suus
857 2571 1003 2635 loannes
1019 2571 1141 2636 Sarcsb.
1156 2573 1245 2637 sclu-

337 2685 399 2741 tem
415 2683 446 2740 et
460 2679 498 2739 irc
507 2694 607 2737 causa
622 2672 687 2735 Dei
701 2674 896 2753 prosperari.

338 2815 471 2875 Ponnst·
487 2819 592 2871 vestra
608 2805 784 2869 meminisse
799 2804 960 2882 discretio,
976 2810 1066 2893 quod
1081 2830 1246 2894 nunquam

296 2913 425 2977 domino
448 2913 601 2977 Cantuar.
623 2907 744 2993 placuit
768 2918 804 2971 ut
825 2908 990 2992 apostolici
1006 2909 1147 2975 mandati
1168 2913 1246 2975 fines

296 3016 412 3100 exequi
436 3011 616 3088 differretis,
644 3008 809 3100 adquievit
834 3022 939 3072 tamen
969 3011 1058 3075 fratri
1082 3013 1247 3077 Bemardo

297 3136 460 3177 successus
474 3110 627 3175 feliciores
643 3110 853 3194 promittenti,
869 3110 895 3174 si
911 3134 1012 3196 usque
1032 3115 1065 3177 in
1081 3112 1168 3178 aliud
1183 3112 1245 3177 col-

297 3212 442 3293 loquium
458 3208 654 3272 deliberandi
678 3213 820 3293 spacium
837 3213 904 3294 regi
920 3210 1150 3297 indulgeretur.
1175 3211 1248 3276 Pol-

296 3308 454 3371 licebatur
477 3305 559 3367 enim
580 3306 777 3371 ferocitatem
800 3310 936 3374 hominis
957 3312 1085 3376 interim
1107 3314 1140 3375 in
1162 3335 1248 3377 man·

296 3406 497 3473 suetudinem
513 3405 767 3469 convertendam.
814 3408 875 3469 Sed
892 3431 962 3471 ecce
978 3434 1018 3473 ex
1038 3411 1153 3474 litteris
1166 3435 1248 3495 quas

297 3530 399 3594 nuper
413 3502 520 3591 accepi
534 3504 606 3567 luce
620 3502 736 3569 clarius
751 3517 840 3591 patet
857 3507 932 3591 quia
947 3522 978 3570 et
994 3507 1111 3591 legatio
1125 3510 1247 3575 domini

297 3610 504 3677 Pictaviensis
534 3620 704 3693 procurata
734 3619 783 3671 est
811 3606 843 3670 in
873 3606 1020 3671 fraudem
1049 3608 1188 3675 ccclesiae
1213 3624 1246 3675 et

297 3726 448 3778 nostram.
495 3710 540 3772 Et
566 3707 688 3771 utinam
705 3707 775 3793 ipsa
799 3706 911 3772 dilatio
930 3730 993 3771 non
1019 3707 1168 3774 habuerit
1188 3711 1245 3774 do·

298 3814 384 3879 lum:
408 3832 480 3874 nam
505 3810 565 3871 hoc
582 3807 628 3870 rei
651 3807 756 3872 exitus
782 3808 968 3887 declarabit,
989 3809 1066 3871 dum
1094 3832 1151 3873 nos
1174 3833 1246 3896 pro·

299 3914 424 3977 missam
441 3920 646 3993 expectamus
662 3909 947 3989 mansuetudinem,
958 3908 1009 3973 ille
1019 3909 1171 3974 sollicitus
1180 3911 1247 3996 agit

298 4012 459 4100 quomodo
480 4009 629 4071 honorem
655 4008 716 4071 Dei
742 4009 887 4088 subruat,
909 4024 941 4075 et
969 4024 1066 4075 totam
1082 4012 1248 4079 subvertat

297 4114 435 4178 ecclesiae
462 4109 654 4174 libertatem.
714 4108 834 4184 Quidni
855 4110 993 4175 faceret?
1016 4112 1250 4198 Exploraverat

299 4215 382 4277 vires
396 4223 530 4289 nostras,
553 4221 585 4272 et
606 4208 776 4294 iniquitate
798 4232 856 4273 sua
872 4210 949 4290 (non
972 4212 1058 4295 dico)
1080 4230 1249 4291 meruerat,

300 4314 448 4398 quoniam
457 4310 573 4374 falsum
583 4324 641 4387 est,
652 4310 706 4375 sed
719 4310 921 4396 subripuerat
932 4313 1073 4379 favorem
1087 4317 1244 4381 omnium:
