3034 5200
281 687 397 779 nou]
665 717 841 766 nersronn.
1194 712 1236 771 27

279 875 312 935 in
329 874 444 937 coelum
459 892 578 956 ponere
594 893 659 936 non
675 892 844 956 praesumo.
886 873 1002 937 Fateor
1015 885 1047 938 et
1063 896 1171 939 verum
1186 890 1236 942 est

277 974 385 1037 omnia
401 973 546 1037 Romano
569 970 668 1037 licere
682 973 843 1055 pontifici,
858 974 914 1037 sed
935 995 974 1039 eu
989 974 1147 1041 duntaxat
1160 998 1234 1061 quar

278 1074 317 1137 de
333 1072 407 1156 jure
423 1072 532 1136 divino
548 1071 779 1136 ecclesiastices
801 1093 957 1138 concesse
977 1085 1051 1139 sunt
1070 1077 1232 1160 potestati.

278 1175 389 1238 Liceat
410 1174 441 1236 ei
460 1172 536 1256 jura
561 1192 646 1236 nore
668 1171 820 1250 condere,
840 1185 946 1237 vetera
971 1177 1135 1257 abrogare,
1157 1175 1233 1239 dum

277 1286 385 1341 tamen
407 1276 472 1352 ille,
488 1295 561 1358 qum
583 1295 603 1337 e
626 1273 691 1337 Dei
713 1274 811 1337 verbo
832 1273 867 1336 iu
890 1275 1068 1358 Evangelio
1090 1278 1141 1340 vel
1163 1279 1234 1360 lege

277 1386 463 1459 perpetuam
479 1395 609 1438 oausam
624 1375 756 1450 habent,
767 1386 889 1438 mutere
904 1395 971 1439 non
984 1378 1098 1460 possit.
1122 1379 1234 1443 Ausim

278 1477 394 1554 dicere,
405 1475 492 1562 quod
506 1496 568 1539 nec
583 1475 697 1538 Petrus
711 1475 782 1559 ipse
797 1490 1054 1559 perseverantem
1070 1478 1235 1544 inscelere

280 1598 461 1661 quenquam
485 1587 518 1640 et
540 1578 702 1640 voluntate
726 1578 898 1660 peccandi,
922 1593 1033 1662 posset
1057 1582 1233 1658 absolvere,

280 1698 341 1742 nec
354 1680 462 1742 clares
473 1677 597 1761 accepit
607 1678 723 1762 quibus
733 1680 825 1761 regni
831 1678 966 1762 januam
975 1682 1079 1763 possit
1089 1682 1236 1764 impoeui·

280 1780 422 1842 tentibus
436 1779 567 1863 aperire.
608 1778 702 1844 Unde
723 1801 800 1862 ergo
815 1781 861 1843 illi
884 1781 955 1844 hee
976 1780 1051 1845 date
1069 1783 1234 1866 potestas?

280 1881 330 1943 Ad
343 1882 411 1944 haec
422 1880 538 1945 dicitur
547 1880 634 1965 quod
647 1901 705 1944 rex
716 1881 843 1962 Angliae
853 1883 998 1946 omnium
1010 1883 1235 1967 episcoporum

274 1979 489 2065 jurisdictioni
519 1981 701 2044 subtractus
730 1990 779 2044 est
806 1980 976 2063 privilegio
1005 2002 1109 2046 novo:
1148 1979 1236 2065 quod

278 2082 421 2166 pmsecto
437 2083 464 2146 si
479 2083 629 2160 obtinuit,
640 2102 719 2146 eece
735 2082 765 2145 ei
783 2084 899 2146 collata
913 2091 964 2145 est
980 2083 1150 2146 auctoritas
1164 2084 1236 2146 lici·

278 2192 344 2247 tum
358 2181 450 2247 libito
471 2181 673 2267 coaequandi.
711 2181 790 2246 Non
806 2195 913 2246 temen
933 2182 1028 2246 seeile
1045 2183 1235 2247 crediderim

279 2284 366 2367 quod
389 2285 461 2349 haec
487 2285 595 2349 omnia
619 2295 685 2348 tam
707 2284 802 2348 facile
828 2294 941 2349 eontra
962 2283 1147 2348 Ecclesium
1169 2285 1235 2350 Dei

280 2385 451 2469 impetrata
476 2386 550 2448 sint.
595 2380 661 2448 Sed
683 2385 745 2449 hoc
769 2384 962 2449 fiducialiter
987 2382 1122 2448 dixerim
1146 2385 1235 2470 quod

280 2496 454 2569 autequam
463 2486 535 2549 hec
550 2494 658 2550 essent
672 2485 758 2569 apud
769 2507 830 2549 nos
845 2485 1017 2568 divulgata,
1028 2487 1071 2550 de
1082 2487 1235 2551 diuturno

281 2587 447 2670 naufragio
462 2607 649 2651 veneramus
664 2586 698 2650 in
713 2596 852 2670 portum,
868 2609 888 2652 a
902 2610 967 2673 quo
982 2610 1042 2653 nos
1056 2587 1235 2675 rejecerunt

280 2692 313 2753 in
343 2691 488 2774 pelagus,
515 2690 573 2771 qui
603 2710 678 2753 eum
708 2690 870 2773 triumpho
899 2711 919 2754 e
943 2691 1020 2755 sede
1045 2692 1236 2774 Apostoliee

279 2790 449 2855 redierunt.
493 2791 564 2855 Nec
580 2791 799 2877 aliquomodo
818 2790 1001 2876 persuaderi
1015 2801 1132 2876 potest,
1147 2791 1235 2874 quud

279 2891 377 2973 legati
406 2891 462 2974 qui
492 2893 599 2956 venire
629 2891 792 2969 dicuutur,
820 2892 1019 2975 procuraturi
1055 2891 1236 2953 voluntates

280 2988 402 3053 domini
417 2990 513 3072 regis,
527 2988 745 3055 conditionem
766 3003 909 3055 nostram
924 2991 1093 3055 reformare
1111 2989 1236 3074 possint

280 3092 314 3153 in
337 3113 410 3155 eum
431 3092 601 3171 calculum,
625 3094 659 3155 in
682 3112 746 3177 quo
769 3103 846 3170 eret,
868 3092 999 3176 quando
1021 3094 1151 3156 verbum
1173 3092 1235 3155 hoc

282 3192 426 3254 omnium
455 3192 553 3256 corda
581 3194 753 3257 concussit.
804 3195 950 3258 Dubium
980 3204 1086 3257 tamen
1116 3204 1165 3257 est
1193 3214 1236 3257 an

283 3291 392 3371 velint,
404 3292 432 3355 si
443 3301 549 3356 tamen
566 3293 709 3372 dubium,
722 3316 819 3379 quum
830 3297 968 3358 alterum
979 3314 1087 3357 eomm
1099 3293 1237 3358 audieri-

283 3414 353 3455 mus
368 3414 386 3458 a
400 3394 508 3458 multis
521 3394 555 3457 in
569 3395 746 3479 perniciem
762 3406 916 3473 nostram,
931 3408 985 3459 eut
999 3396 1106 3479 potius
1121 3396 1155 3457 in
1171 3395 1234 3459 dis-

281 3494 449 3578 pendium,
460 3505 493 3559 et
506 3494 715 3577 ignominiam
727 3496 876 3562 ecclesiae
892 3497 1094 3560 consensisse
1110 3495 1221 3559 domin

281 3592 358 3677 regi,
372 3604 405 3658 et
427 3607 590 3678 operatum
614 3615 695 3675 esse,
711 3606 865 3680 quanarm
887 3596 921 3658 in
938 3616 978 3658 eo
999 3594 1072 3667 fuit,
1088 3595 1235 3657 extermi-

281 3696 369 3758 nium
391 3705 545 3759 nostrum.
596 3698 681 3759 Eum
705 3717 782 3777 ergo
803 3695 939 3773 misisse,
960 3695 1045 3758 siout
1065 3694 1237 3759 edversani

276 3797 530 3881 jactitantnibil
546 3798 634 3861 aliud
654 3808 704 3861 est
719 3817 815 3881 quam
830 3796 926 3860 nobis
947 3795 1144 3860 ministrasse
1158 3796 1236 3860 eali·

281 3913 351 3959 cem
372 3895 533 3979 passionis
553 3906 588 3961 et
609 3896 729 3960 mortis.
772 3895 868 3967 Quod
895 3894 923 3957 si
948 3896 1111 3979 pmponit,
1133 3895 1238 3978 sepiat

284 3997 373 4059 Deus
387 3997 469 4059 rium
486 3996 672 4061 asciscentis
687 4007 719 4059 et
734 3996 901 4072 venientis,
913 3996 1026 4078 spinis,
1037 4005 1073 4057 ut
1087 3991 1234 4077 praecipi-

282 4107 388 4160 tentur
401 4098 435 4160 iu
451 4098 578 4160 foveam
593 4117 687 4180 quam
702 4096 931 4159 innocentibus
945 4102 1147 4178 paraverunt.

325 4194 490 4280 Adjieiunt
512 4196 605 4260 maiis
624 4195 752 4274 nostris,
772 4195 830 4277 qui
852 4206 964 4258 contra
988 4213 1059 4266 noe,
1077 4201 1111 4251 et
1136 4183 1238 4262 magis

285 4308 392 4360 contre
409 4320 466 4361 vos
482 4297 665 4379 glorientur,
687 4298 776 4378 quod
795 4296 927 4358 exilium
945 4299 1089 4355 nostrum
1107 4282 1238 4371 prolon-
