3034 5200
284 713 392 808 run]
671 740 847 789 russone.
1171 727 1250 786 959μ

280 893 405 960 coelitus
431 917 488 979 per
511 894 645 978 gratiam
672 903 823 979 provecta
843 903 875 956 et
897 891 1037 977 perfecta
1061 890 1231 954 liberalitas

279 995 404 1080 aperuit
420 994 460 1061 ad
476 993 649 1058 videndum
671 992 867 1057 calamitates
881 991 1021 1056 ecclesiae
1035 991 1231 1077 Anglicanae,

279 1110 311 1183 et
337 1097 370 1159 in
394 1096 633 1161 subventionem
656 1116 833 1181 pauperum
857 1093 976 1158 Christi
998 1091 1150 1178 portastis
1171 1115 1231 1178 pro

279 1220 317 1261 ea
330 1198 456 1283 pondus
472 1197 534 1261 diei
554 1212 586 1260 et
606 1209 716 1271 aestus,
732 1208 763 1260 et
781 1195 825 1260 sic
840 1195 992 1259 athletam
1008 1217 1066 1280 pro
1082 1193 1151 1277 lege
1167 1194 1229 1257 Dei

279 1296 432 1360 adversus
454 1296 568 1382 impios
590 1294 805 1372 dimicantem,
826 1295 901 1359 dum
924 1294 1025 1375 licuit,
1045 1293 1229 1358 custodistis

279 1411 432 1484 tanquam
459 1397 615 1484 pupillam
642 1397 725 1461 oculi
750 1395 856 1462 vestri.
906 1395 1018 1460 Fidem
1041 1406 1176 1459 vestram
1199 1408 1231 1458 et

279 1499 486 1583 diligentiam,
503 1523 568 1586 qua
588 1499 679 1562 nobis
699 1518 809 1584 pacem
830 1501 1033 1584 procurastis,
1052 1511 1230 1562 remuneret

281 1603 381 1672 Deus,
397 1623 461 1687 qua
482 1601 562 1665 nihil
584 1623 625 1664 ex
648 1600 906 1685 contingentibus
928 1624 947 1662 a
968 1601 1059 1665 vobis
1079 1601 1228 1664 omissum

280 1713 340 1781 est,
369 1715 404 1766 ut
434 1701 610 1776 infortunia
639 1712 747 1764 nostra
776 1701 866 1764 vobis
902 1699 1037 1764 debeant
1068 1699 1230 1786 imputari.

282 1803 399 1866 Forma
421 1804 578 1889 siquidem
601 1803 688 1888 pacis
711 1800 891 1865 solemniter
913 1801 999 1866 initae
1021 1800 1144 1866 cunctis
1166 1801 1232 1864 visa

280 1915 328 1966 est
352 1903 438 1968 utilis
460 1917 491 1968 et
514 1908 655 1982 honesta,
678 1926 779 1988 quum
802 1903 834 1965 in
857 1902 912 1966 illo
934 1902 1136 1967 celeberrimo
1157 1925 1230 1966 con-

282 2020 378 2069 ventu
394 2017 555 2070 tantorum
577 2028 687 2088 regum
710 2004 841 2068 maximi
857 2018 888 2068 et
904 2004 1124 2090 sapientissimi
1147 2005 1232 2091 prin-

281 2105 366 2191 cipes
380 2108 608 2172 convenissent.
640 2107 826 2170 Reformata
838 2128 914 2191 ergo
926 2129 1003 2193 pace
1017 2128 1114 2191 regna
1124 2106 1233 2190 gavisa

281 2222 364 2273 sunt.
411 2210 473 2272 Sed
488 2209 568 2295 quid
583 2233 603 2272 a
618 2209 768 2273 membris
785 2208 903 2273 diaboli
919 2222 996 2273 tunc
1011 2222 1171 2293 ageretur,
1187 2210 1232 2272 rei
1301 2243 1304 2250 ·

280 2310 387 2376 exitus
406 2311 570 2390 indicavit,
586 2312 612 2374 si
635 2324 740 2375 tamen
764 2311 805 2374 ad
828 2332 921 2374 suum
944 2310 1037 2374 finem
1055 2311 1233 2395 pervenisse

281 2411 429 2475 credendi
446 2423 531 2488 sunt,
548 2413 604 2496 qui
619 2413 653 2475 in
667 2411 889 2477 contumeliam
907 2411 969 2477 Dei
984 2411 1043 2476 sibi
1059 2412 1231 2476 vindictam

281 2528 477 2578 reservantes
492 2526 616 2579 tantum
628 2514 753 2577 facinus
764 2514 999 2579 commiserunt.
1029 2515 1125 2578 Absit
1137 2515 1232 2592 enim,

280 2630 319 2682 ut
333 2617 415 2681 hanc
429 2617 562 2702 gloriam
585 2639 685 2694 suam,
700 2616 792 2680 alteri
812 2617 904 2680 cedat
924 2616 1074 2682 terribilis
1093 2617 1157 2696 ille,
1172 2619 1229 2703 qui

279 2720 385 2784 aufert
416 2718 570 2805 Spiritum
600 2718 793 2804 principum,
823 2729 855 2783 et
884 2742 938 2782 eos
966 2719 1022 2805 qui
1050 2719 1230 2784 inauditum

279 2821 436 2907 flagitium
458 2833 653 2907 perpetrasse
675 2832 860 2900 noscuntur,
879 2833 966 2898 nota,
989 2834 1021 2885 et
1039 2843 1100 2884 non
1124 2821 1231 2907 potius

280 2924 467 2988 miraculosa
481 2923 631 3009 percellat
651 2922 781 2987 ultione.
827 2924 909 2986 Nam
931 2936 1058 2988 sanctus
1072 2923 1230 3010 pontifex,

280 3026 362 3088 siout
378 3025 469 3088 vobis
483 3024 552 3087 aliis
573 3024 673 3088 literis
687 3024 752 3088 lida
772 3027 925 3088 relatione
946 3024 1156 3107 significatum
1172 3038 1231 3105 est,

281 3127 321 3189 de
338 3126 488 3190 aerumnis
506 3126 604 3211 hujus
625 3126 731 3189 saeculi
751 3125 890 3209 glorioso
910 3127 1062 3210 martyrio
1080 3126 1229 3211 migravit

280 3226 321 3289 ad
335 3226 521 3302 Dominum,
532 3226 643 3310 utjam
657 3226 762 3290 sedeat
775 3248 847 3289 cum
860 3226 1056 3313 principibus
1067 3227 1230 3313 etjudicet

280 3350 344 3407 eos,
367 3326 424 3412 qui
451 3349 483 3390 se
508 3328 780 3411 angustiaverunt,
806 3338 837 3391 et
864 3329 1082 3393 haereditatem
1110 3330 1230 3394 Christi

280 3426 384 3491 delere
399 3428 502 3491 eonati
524 3441 607 3493 sunt.
652 3432 761 3503 Quum
782 3433 866 3494 enim
887 3428 1045 3511 Christus,
1059 3430 1135 3495 velit
1150 3430 1229 3496 nolit

279 3542 501 3615 persequutor,
517 3530 557 3593 sit
581 3532 669 3594 Deus
684 3553 781 3616 super
800 3534 907 3594 omnia
925 3531 1111 3595 benedictus
1124 3533 1157 3594 in
1174 3555 1230 3594 sae-

279 3630 362 3707 cula,
374 3644 592 3695 momentanea
607 3631 780 3716 potestatis
788 3632 891 3711 elatae,
902 3632 983 3695 sicut
999 3624 1082 3715 saepe
1097 3630 1229 3694 audiens

279 3731 434 3807 doluistis,
461 3734 667 3818 praesumptio
698 3756 790 3796 suum
821 3733 971 3796 honorem
1001 3745 1033 3795 et
1063 3731 1229 3795 abusiones

279 3846 421 3897 veterum
438 3845 644 3920 tyrannorum
665 3835 828 3919 perpetuis
842 3834 969 3919 legibus
984 3849 1016 3898 et
1031 3833 1143 3897 honori
1166 3833 1228 3895 Dei

279 3936 477 3999 machinatus
492 3946 539 3999 est
554 3935 720 3998 anteferre.
758 3938 815 4012 Et,
828 3960 866 4000 ne
879 3938 952 4021 quis
966 3936 1097 4022 obloqui
1112 3934 1228 3997 audeat

264 4033 266 4040 '
281 4048 337 4099 aut
352 4036 480 4111 mutire,
496 4037 548 4100 alii
569 4049 712 4100 nostrum
733 4037 818 4123 capti
840 4052 914 4102 sunt
930 4051 962 4103 et
977 4037 1091 4102 retrusi
1110 4036 1142 4098 in
1162 4058 1229 4098 car-

280 4161 394 4214 cerem,
409 4138 461 4201 alii
477 4139 657 4225 proscripti,
673 4139 724 4203 alii
746 4140 947 4206 condemnati
967 4142 1073 4217 exilio,
1088 4139 1141 4202 alii
1157 4140 1228 4223 qui·

280 4240 343 4304 bus
358 4239 467 4304 melius
479 4239 587 4302 divina
602 4241 740 4326 providit
756 4241 932 4319 clementia,
949 4244 1009 4307 sibi
1023 4243 1100 4327 fuga
1116 4260 1230 4303 consu-

279 4342 419 4419 luerunt,
432 4365 471 4406 ne
483 4354 667 4427 paterentur
682 4356 738 4407 aut
750 4326 894 4409 riderent
909 4346 1065 4410 miseriam
1082 4345 1230 4425 fratrum,

734 4454 786 4510 s2
