<?xml version="1.0" encoding="UTF-8"?>
<!DOCTYPE html PUBLIC "-//W3C//DTD XHTML 1.0 Transitional//EN"
    "http://www.w3.org/TR/xhtml1/DTD/xhtml1-transitional.dtd">
<html xmlns="http://www.w3.org/1999/xhtml" xml:lang="en" lang="en">
 <head>
  <title>
</title>
<meta http-equiv="Content-Type" content="text/html;charset=utf-8" />
  <meta name='ocr-system' content='tesseract 3.04.00' />
  <meta name='ocr-capabilities' content='ocr_page ocr_carea ocr_par ocr_line ocrx_word'/>
</head>
<body>
  <div class='ocr_page' id='page_1' title='image "./joannissaresber11johngoog_0285.png"; bbox 0 0 3034 5200; ppageno 0'>
   <div class='ocr_carea' id='block_1_1' title="bbox 272 731 1230 810">
    <p class='ocr_par' dir='ltr' id='par_1_1' title="bbox 272 731 1230 810">
     <span class='ocr_line' id='line_1_1' title="bbox 272 731 1230 810; baseline -0.005 -11"><span class='ocrx_word' id='word_1_1' title='bbox 272 742 334 799; x_wconf 79' lang='lat'><strong>‘266</strong></span> <span class='ocrx_word' id='word_1_2' title='bbox 519 752 655 796; x_wconf 75' lang='lat' dir='ltr'>sonuum</span> <span class='ocrx_word' id='word_1_3' title='bbox 670 749 950 794; x_wconf 73' lang='lat' dir='ltr'>snaassnmnusrs</span> <span class='ocrx_word' id='word_1_4' title='bbox 1132 731 1179 810; x_wconf 77' lang='lat' dir='ltr'>[n.</span> <span class='ocrx_word' id='word_1_5' title='bbox 1196 751 1230 794; x_wconf 85' lang='lat' dir='ltr'>n·</span> 
     </span>
    </p>
   </div>
   <div class='ocr_carea' id='block_1_2' title="bbox 213 899 1272 3307">
    <p class='ocr_par' dir='ltr' id='par_1_2' title="bbox 213 899 1272 3307">
     <span class='ocr_line' id='line_1_2' title="bbox 276 899 1234 989; baseline -0.002 -22"><span class='ocrx_word' id='word_1_6' title='bbox 276 904 379 983; x_wconf 75' lang='lat' dir='ltr'>loniiS,</span> <span class='ocrx_word' id='word_1_7' title='bbox 400 926 474 989; x_wconf 91' lang='lat' dir='ltr'>quae</span> <span class='ocrx_word' id='word_1_8' title='bbox 503 903 608 965; x_wconf 82' lang='lat' dir='ltr'>clausa</span> <span class='ocrx_word' id='word_1_9' title='bbox 638 901 816 977; x_wconf 87' lang='lat' dir='ltr'>tenebatur,</span> <span class='ocrx_word' id='word_1_10' title='bbox 845 901 1010 964; x_wconf 85' lang='lat' dir='ltr'>veritatem</span> <span class='ocrx_word' id='word_1_11' title='bbox 1045 899 1169 974; x_wconf 87' lang='lat' dir='ltr'>eduxit,</span> <span class='ocrx_word' id='word_1_12' title='bbox 1200 918 1234 966; x_wconf 90' lang='lat' dir='ltr'>et</span> 
     </span>
     <span class='ocr_line' id='line_1_3' title="bbox 275 1001 1232 1092; baseline -0.004 -22"><span class='ocrx_word' id='word_1_13' title='bbox 275 1006 421 1092; x_wconf 85' lang='lat' dir='ltr'>squalore</span> <span class='ocrx_word' id='word_1_14' title='bbox 445 1004 578 1066; x_wconf 88' lang='lat' dir='ltr'>carceris</span> <span class='ocrx_word' id='word_1_15' title='bbox 602 1003 726 1065; x_wconf 87' lang='lat' dir='ltr'>deterso</span> <span class='ocrx_word' id='word_1_16' title='bbox 742 1001 871 1065; x_wconf 80' lang='lat' dir='ltr'>liberam</span> <span class='ocrx_word' id='word_1_17' title='bbox 899 1004 932 1066; x_wconf 95' lang='lat' dir='ltr'>in</span> <span class='ocrx_word' id='word_1_18' title='bbox 954 1002 1118 1087; x_wconf 92' lang='lat' dir='ltr'>publicum</span> <span class='ocrx_word' id='word_1_19' title='bbox 1143 1003 1232 1066; x_wconf 84' lang='lat' dir='ltr'>exire</span> 
     </span>
     <span class='ocr_line' id='line_1_4' title="bbox 275 1103 1233 1192; baseline -0.002 -22"><span class='ocrx_word' id='word_1_20' title='bbox 275 1107 437 1192; x_wconf 87' lang='lat' dir='ltr'>praecepit.</span> <span class='ocrx_word' id='word_1_21' title='bbox 476 1106 556 1182; x_wconf 86' lang='lat' dir='ltr'>Quae</span> <span class='ocrx_word' id='word_1_22' title='bbox 572 1103 664 1166; x_wconf 86' lang='lat' dir='ltr'>simul</span> <span class='ocrx_word' id='word_1_23' title='bbox 681 1127 717 1166; x_wconf 86' lang='lat' dir='ltr'>ac</span> <span class='ocrx_word' id='word_1_24' title='bbox 734 1127 802 1167; x_wconf 87' lang='lat' dir='ltr'>suae</span> <span class='ocrx_word' id='word_1_25' title='bbox 818 1104 946 1168; x_wconf 88' lang='lat' dir='ltr'>reddita</span> <span class='ocrx_word' id='word_1_26' title='bbox 960 1117 1007 1168; x_wconf 92' lang='lat' dir='ltr'>est</span> <span class='ocrx_word' id='word_1_27' title='bbox 1022 1103 1174 1178; x_wconf 86' lang='lat' dir='ltr'>libertati,</span> <span class='ocrx_word' id='word_1_28' title='bbox 1191 1105 1233 1168; x_wconf 89' lang='lat' dir='ltr'>ad</span> 
     </span>
     <span class='ocr_line' id='line_1_5' title="bbox 213 1204 1231 1289; baseline -0.002 -21"><span class='ocrx_word' id='word_1_29' title='bbox 213 1217 216 1223; x_wconf 91' lang='grc'><strong>’</strong></span> <span class='ocrx_word' id='word_1_30' title='bbox 276 1229 326 1269; x_wconf 89' lang='lat' dir='ltr'>me</span> <span class='ocrx_word' id='word_1_31' title='bbox 348 1205 498 1270; x_wconf 87' lang='lat' dir='ltr'>velociter</span> <span class='ocrx_word' id='word_1_32' title='bbox 520 1204 699 1268; x_wconf 84' lang='lat' dir='ltr'>advolavit:</span> <span class='ocrx_word' id='word_1_33' title='bbox 732 1218 763 1267; x_wconf 94' lang='lat' dir='ltr'>et</span> <span class='ocrx_word' id='word_1_34' title='bbox 782 1205 813 1267; x_wconf 93' lang='lat' dir='ltr'>in</span> <span class='ocrx_word' id='word_1_35' title='bbox 838 1205 1006 1289; x_wconf 88' lang='lat' dir='ltr'>praesentia</span> <span class='ocrx_word' id='word_1_36' title='bbox 1027 1204 1231 1267; x_wconf 91' lang='lat' dir='ltr'>dominorum</span> 
     </span>
     <span class='ocr_line' id='line_1_6' title="bbox 276 1305 1234 1391; baseline -0.002 -21"><span class='ocrx_word' id='word_1_37' title='bbox 276 1309 316 1371; x_wconf 86' lang='lat' dir='ltr'>R.</span> <span class='ocrx_word' id='word_1_38' title='bbox 333 1307 611 1391; x_wconf 83' lang='lat' dir='ltr'>Rothomagensis‚</span> <span class='ocrx_word' id='word_1_39' title='bbox 627 1320 658 1369; x_wconf 92' lang='lat' dir='ltr'>et</span> <span class='ocrx_word' id='word_1_40' title='bbox 683 1328 794 1369; x_wconf 88' lang='lat' dir='ltr'>eorum</span> <span class='ocrx_word' id='word_1_41' title='bbox 810 1328 891 1389; x_wconf 90' lang='lat' dir='ltr'>quos</span> <span class='ocrx_word' id='word_1_42' title='bbox 910 1305 1077 1391; x_wconf 88' lang='lat' dir='ltr'>episcopus</span> <span class='ocrx_word' id='word_1_43' title='bbox 1102 1306 1234 1369; x_wconf 80' lang='lat' dir='ltr'>Ambia-</span> 
     </span>
     <span class='ocr_line' id='line_1_7' title="bbox 274 1406 1229 1492; baseline -0.001 -22"><span class='ocrx_word' id='word_1_44' title='bbox 274 1409 378 1472; x_wconf 89' lang='lat' dir='ltr'>nensis</span> <span class='ocrx_word' id='word_1_45' title='bbox 394 1408 605 1490; x_wconf 79' lang='lat' dir='ltr'>delegaverat,</span> <span class='ocrx_word' id='word_1_46' title='bbox 621 1407 738 1492; x_wconf 85' lang='lat' dir='ltr'>quibus</span> <span class='ocrx_word' id='word_1_47' title='bbox 757 1408 921 1491; x_wconf 84' lang='lat' dir='ltr'>negotium</span> <span class='ocrx_word' id='word_1_48' title='bbox 944 1429 1047 1471; x_wconf 91' lang='lat' dir='ltr'>meum</span> <span class='ocrx_word' id='word_1_49' title='bbox 1065 1430 1082 1469; x_wconf 90' lang='lat' dir='ltr'>a</span> <span class='ocrx_word' id='word_1_50' title='bbox 1099 1406 1229 1469; x_wconf 92' lang='lat' dir='ltr'>domino</span> 
     </span>
     <span class='ocr_line' id='line_1_8' title="bbox 274 1505 1230 1593; baseline -0.003 -22"><span class='ocrx_word' id='word_1_51' title='bbox 274 1529 357 1593; x_wconf 84' lang='lat' dir='ltr'>papa</span> <span class='ocrx_word' id='word_1_52' title='bbox 366 1507 564 1572; x_wconf 86' lang='lat' dir='ltr'>commissum</span> <span class='ocrx_word' id='word_1_53' title='bbox 576 1521 657 1571; x_wconf 90' lang='lat' dir='ltr'>erat:</span> <span class='ocrx_word' id='word_1_54' title='bbox 682 1527 811 1569; x_wconf 91' lang='lat' dir='ltr'>necnon</span> <span class='ocrx_word' id='word_1_55' title='bbox 825 1518 856 1569; x_wconf 91' lang='lat' dir='ltr'>et</span> <span class='ocrx_word' id='word_1_56' title='bbox 866 1505 1004 1591; x_wconf 86' lang='lat' dir='ltr'>episcopi</span> <span class='ocrx_word' id='word_1_57' title='bbox 1017 1506 1230 1587; x_wconf 86' lang='lat' dir='ltr'>Ebroicensis‚</span> 
     </span>
     <span class='ocr_line' id='line_1_9' title="bbox 277 1606 1234 1693; baseline -0.002 -21"><span class='ocrx_word' id='word_1_58' title='bbox 277 1611 517 1693; x_wconf 89' lang='lat' dir='ltr'>multorumque</span> <span class='ocrx_word' id='word_1_59' title='bbox 540 1606 757 1692; x_wconf 85' lang='lat' dir='ltr'>religiosorum</span> <span class='ocrx_word' id='word_1_60' title='bbox 774 1624 839 1671; x_wconf 85' lang='lat' dir='ltr'>tam</span> <span class='ocrx_word' id='word_1_61' title='bbox 860 1608 1012 1670; x_wconf 88' lang='lat' dir='ltr'>abbatum</span> <span class='ocrx_word' id='word_1_62' title='bbox 1037 1630 1131 1693; x_wconf 89' lang='lat' dir='ltr'>quam</span> <span class='ocrx_word' id='word_1_63' title='bbox 1149 1608 1234 1693; x_wconf 85' lang='lat' dir='ltr'>prio-</span> 
     </span>
     <span class='ocr_line' id='line_1_10' title="bbox 277 1709 1233 1796; baseline 0 -23"><span class='ocrx_word' id='word_1_64' title='bbox 277 1733 346 1776; x_wconf 89' lang='lat' dir='ltr'>rum</span> <span class='ocrx_word' id='word_1_65' title='bbox 359 1734 378 1773; x_wconf 88' lang='lat' dir='ltr'>a</span> <span class='ocrx_word' id='word_1_66' title='bbox 389 1711 511 1774; x_wconf 86' lang='lat' dir='ltr'>dextris</span> <span class='ocrx_word' id='word_1_67' title='bbox 526 1710 603 1773; x_wconf 92' lang='lat' dir='ltr'>mihi</span> <span class='ocrx_word' id='word_1_68' title='bbox 619 1709 689 1772; x_wconf 91' lang='lat' dir='ltr'>luce</span> <span class='ocrx_word' id='word_1_69' title='bbox 701 1709 853 1796; x_wconf 84' lang='lat' dir='ltr'>liquidior</span> <span class='ocrx_word' id='word_1_70' title='bbox 866 1709 980 1773; x_wconf 86' lang='lat' dir='ltr'>adstat.</span> <span class='ocrx_word' id='word_1_71' title='bbox 1006 1711 1107 1795; x_wconf 84' lang='lat' dir='ltr'>Cujus</span> <span class='ocrx_word' id='word_1_72' title='bbox 1119 1710 1233 1773; x_wconf 87' lang='lat' dir='ltr'>facicm</span> 
     </span>
     <span class='ocr_line' id='line_1_11' title="bbox 276 1809 1235 1897; baseline -0.002 -23"><span class='ocrx_word' id='word_1_73' title='bbox 276 1835 404 1897; x_wconf 83' lang='lat' dir='ltr'>gravem</span> <span class='ocrx_word' id='word_1_74' title='bbox 421 1825 453 1875; x_wconf 86' lang='lat' dir='ltr'>et</span> <span class='ocrx_word' id='word_1_75' title='bbox 475 1811 651 1895; x_wconf 85' lang='lat' dir='ltr'>fulgentem</span> <span class='ocrx_word' id='word_1_76' title='bbox 674 1811 823 1897; x_wconf 73' lang='lat' dir='ltr'>praedicti</span> <span class='ocrx_word' id='word_1_77' title='bbox 842 1810 1096 1895; x_wconf 86' lang='lat' dir='ltr'>archiepiscopus</span> <span class='ocrx_word' id='word_1_78' title='bbox 1118 1823 1150 1872; x_wconf 93' lang='lat' dir='ltr'>et</span> <span class='ocrx_word' id='word_1_79' title='bbox 1173 1809 1235 1872; x_wconf 88' lang='lat' dir='ltr'>viri</span> 
     </span>
     <span class='ocr_line' id='line_1_12' title="bbox 277 1911 1233 1996; baseline -0.002 -20"><span class='ocrx_word' id='word_1_80' title='bbox 277 1913 414 1996; x_wconf 81' lang='lat' dir='ltr'>religiosi</span> <span class='ocrx_word' id='word_1_81' title='bbox 438 1935 457 1976; x_wconf 87' lang='lat' dir='ltr'>a</span> <span class='ocrx_word' id='word_1_82' title='bbox 482 1912 610 1976; x_wconf 90' lang='lat' dir='ltr'>domino</span> <span class='ocrx_word' id='word_1_83' title='bbox 637 1914 840 1977; x_wconf 87' lang='lat' dir='ltr'>Ambianensi</span> <span class='ocrx_word' id='word_1_84' title='bbox 868 1911 1030 1987; x_wconf 87' lang='lat' dir='ltr'>destinati,</span> <span class='ocrx_word' id='word_1_85' title='bbox 1060 1912 1233 1987; x_wconf 88' lang='lat' dir='ltr'>intuentes,</span> 
     </span>
     <span class='ocr_line' id='line_1_13' title="bbox 278 2013 1272 2098; baseline -0.007 -20"><span class='ocrx_word' id='word_1_86' title='bbox 278 2013 379 2098; x_wconf 86' lang='lat' dir='ltr'>gavisi</span> <span class='ocrx_word' id='word_1_87' title='bbox 394 2025 468 2077; x_wconf 89' lang='lat' dir='ltr'>sunt</span> <span class='ocrx_word' id='word_1_88' title='bbox 490 2015 609 2097; x_wconf 86' lang='lat' dir='ltr'>gaudio</span> <span class='ocrx_word' id='word_1_89' title='bbox 632 2036 748 2097; x_wconf 86' lang='lat' dir='ltr'>magno</span> <span class='ocrx_word' id='word_1_90' title='bbox 771 2013 881 2076; x_wconf 88' lang='lat' dir='ltr'>valde:</span> <span class='ocrx_word' id='word_1_91' title='bbox 913 2027 944 2078; x_wconf 90' lang='lat' dir='ltr'>et</span> <span class='ocrx_word' id='word_1_92' title='bbox 968 2013 1086 2077; x_wconf 89' lang='lat' dir='ltr'>nullam</span> <span class='ocrx_word' id='word_1_93' title='bbox 1110 2033 1232 2074; x_wconf 88' lang='lat' dir='ltr'>moram</span> <span class='ocrx_word' id='word_1_94' title='bbox 1268 2065 1272 2071; x_wconf 91' lang='lat'><em>.</em></span> 
     </span>
     <span class='ocr_line' id='line_1_14' title="bbox 278 2113 1235 2198; baseline -0.004 -20"><span class='ocrx_word' id='word_1_95' title='bbox 278 2114 467 2178; x_wconf 82' lang='lat' dir='ltr'>sustinentes</span> <span class='ocrx_word' id='word_1_96' title='bbox 488 2116 585 2197; x_wconf 86' lang='lat' dir='ltr'>juxta</span> <span class='ocrx_word' id='word_1_97' title='bbox 612 2113 745 2176; x_wconf 87' lang='lat' dir='ltr'>formam</span> <span class='ocrx_word' id='word_1_98' title='bbox 776 2137 872 2198; x_wconf 89' lang='lat' dir='ltr'>quam</span> <span class='ocrx_word' id='word_1_99' title='bbox 904 2115 949 2177; x_wconf 89' lang='lat' dir='ltr'>eis</span> <span class='ocrx_word' id='word_1_100' title='bbox 974 2114 1122 2178; x_wconf 91' lang='lat' dir='ltr'>dominus</span> <span class='ocrx_word' id='word_1_101' title='bbox 1149 2135 1235 2197; x_wconf 86' lang='lat' dir='ltr'>papa</span> 
     </span>
     <span class='ocr_line' id='line_1_15' title="bbox 278 2214 1237 2302; baseline 0 -24"><span class='ocrx_word' id='word_1_102' title='bbox 278 2215 525 2302; x_wconf 77' lang='lat' dir='ltr'>praescripserat,</span> <span class='ocrx_word' id='word_1_103' title='bbox 534 2214 740 2279; x_wconf 89' lang='lat' dir='ltr'>incontinenti</span> <span class='ocrx_word' id='word_1_104' title='bbox 752 2238 803 2278; x_wconf 91' lang='lat' dir='ltr'>me</span> <span class='ocrx_word' id='word_1_105' title='bbox 813 2239 832 2277; x_wconf 90' lang='lat' dir='ltr'>a</span> <span class='ocrx_word' id='word_1_106' title='bbox 841 2216 1018 2301; x_wconf 90' lang='lat' dir='ltr'>suspicione</span> <span class='ocrx_word' id='word_1_107' title='bbox 1028 2238 1093 2300; x_wconf 87' lang='lat' dir='ltr'>qua</span> <span class='ocrx_word' id='word_1_108' title='bbox 1105 2215 1237 2278; x_wconf 83' lang='lat' dir='ltr'>tenebar</span> 
     </span>
     <span class='ocr_line' id='line_1_16' title="bbox 279 2313 1236 2402; baseline 0 -24"><span class='ocrx_word' id='word_1_109' title='bbox 279 2313 495 2390; x_wconf 88' lang='lat' dir='ltr'>absolverunt,</span> <span class='ocrx_word' id='word_1_110' title='bbox 531 2315 686 2379; x_wconf 90' lang='lat' dir='ltr'>universis</span> <span class='ocrx_word' id='word_1_111' title='bbox 716 2317 770 2402; x_wconf 93' lang='lat' dir='ltr'>qui</span> <span class='ocrx_word' id='word_1_112' title='bbox 807 2316 938 2381; x_wconf 86' lang='lat' dir='ltr'>aderant</span> <span class='ocrx_word' id='word_1_113' title='bbox 975 2315 1236 2380; x_wconf 87' lang='lat' dir='ltr'>benedicentibus</span> 
     </span>
     <span class='ocr_line' id='line_1_17' title="bbox 280 2416 1234 2504; baseline -0.003 -23"><span class='ocrx_word' id='word_1_114' title='bbox 280 2416 454 2481; x_wconf 90' lang='lat' dir='ltr'>Dominum</span> <span class='ocrx_word' id='word_1_115' title='bbox 482 2418 536 2502; x_wconf 91' lang='lat' dir='ltr'>qui</span> <span class='ocrx_word' id='word_1_116' title='bbox 565 2418 717 2502; x_wconf 89' lang='lat' dir='ltr'>superbos</span> <span class='ocrx_word' id='word_1_117' title='bbox 742 2418 903 2497; x_wconf 88' lang='lat' dir='ltr'>humiliat,</span> <span class='ocrx_word' id='word_1_118' title='bbox 929 2419 985 2504; x_wconf 89' lang='lat' dir='ltr'>qui</span> <span class='ocrx_word' id='word_1_119' title='bbox 1016 2418 1173 2503; x_wconf 86' lang='lat' dir='ltr'>sapientes</span> <span class='ocrx_word' id='word_1_120' title='bbox 1200 2418 1234 2480; x_wconf 90' lang='lat' dir='ltr'>in</span> 
     </span>
     <span class='ocr_line' id='line_1_18' title="bbox 277 2516 1234 2607; baseline 0 -27"><span class='ocrx_word' id='word_1_121' title='bbox 277 2516 393 2581; x_wconf 86' lang='lat' dir='ltr'>astutia</span> <span class='ocrx_word' id='word_1_122' title='bbox 419 2540 476 2582; x_wconf 86' lang='lat' dir='ltr'>sua</span> <span class='ocrx_word' id='word_1_123' title='bbox 505 2519 755 2605; x_wconf 86' lang='lat' dir='ltr'>comprehendit,</span> <span class='ocrx_word' id='word_1_124' title='bbox 782 2523 839 2607; x_wconf 88' lang='lat' dir='ltr'>qui</span> <span class='ocrx_word' id='word_1_125' title='bbox 866 2520 906 2582; x_wconf 88' lang='lat' dir='ltr'>de</span> <span class='ocrx_word' id='word_1_126' title='bbox 932 2518 1146 2582; x_wconf 86' lang='lat' dir='ltr'>misericordia</span> <span class='ocrx_word' id='word_1_127' title='bbox 1175 2540 1234 2581; x_wconf 84' lang='lat' dir='ltr'>sua</span> 
     </span>
     <span class='ocr_line' id='line_1_19' title="bbox 279 2621 1234 2705; baseline 0.001 -22"><span class='ocrx_word' id='word_1_128' title='bbox 279 2634 507 2705; x_wconf 84' lang='lat' dir='ltr'>praesumentes</span> <span class='ocrx_word' id='word_1_129' title='bbox 526 2622 649 2699; x_wconf 87' lang='lat' dir='ltr'>liberat,</span> <span class='ocrx_word' id='word_1_130' title='bbox 665 2635 696 2686; x_wconf 88' lang='lat' dir='ltr'>et</span> <span class='ocrx_word' id='word_1_131' title='bbox 713 2623 836 2687; x_wconf 89' lang='lat' dir='ltr'>vinctos</span> <span class='ocrx_word' id='word_1_132' title='bbox 856 2622 964 2685; x_wconf 89' lang='lat' dir='ltr'>educit</span> <span class='ocrx_word' id='word_1_133' title='bbox 983 2621 1234 2685; x_wconf 86' lang='lat' dir='ltr'>infortitudine.</span> 
     </span>
     <span class='ocr_line' id='line_1_20' title="bbox 280 2720 1233 2807; baseline 0.003 -25"><span class='ocrx_word' id='word_1_134' title='bbox 280 2720 345 2806; x_wconf 89' lang='lat' dir='ltr'>Ipsi</span> <span class='ocrx_word' id='word_1_135' title='bbox 357 2721 458 2805; x_wconf 85' lang='lat' dir='ltr'>gloria</span> <span class='ocrx_word' id='word_1_136' title='bbox 473 2734 504 2787; x_wconf 89' lang='lat' dir='ltr'>et</span> <span class='ocrx_word' id='word_1_137' title='bbox 516 2735 644 2787; x_wconf 91' lang='lat' dir='ltr'>nuncet</span> <span class='ocrx_word' id='word_1_138' title='bbox 656 2747 712 2807; x_wconf 88' lang='lat' dir='ltr'>per</span> <span class='ocrx_word' id='word_1_139' title='bbox 724 2723 913 2787; x_wconf 87' lang='lat' dir='ltr'>immortalia</span> <span class='ocrx_word' id='word_1_140' title='bbox 926 2722 1030 2787; x_wconf 87' lang='lat' dir='ltr'>secula</span> <span class='ocrx_word' id='word_1_141' title='bbox 1042 2721 1233 2787; x_wconf 88' lang='lat' dir='ltr'>seculorum.</span> 
     </span>
     <span class='ocr_line' id='line_1_21' title="bbox 280 2822 1234 2909; baseline -0.004 -22"><span class='ocrx_word' id='word_1_142' title='bbox 280 2827 391 2887; x_wconf 90' lang='lat' dir='ltr'>Amen.</span> <span class='ocrx_word' id='word_1_143' title='bbox 424 2822 552 2886; x_wconf 84' lang='lat' dir='ltr'>Veniam</span> <span class='ocrx_word' id='word_1_144' title='bbox 564 2837 670 2887; x_wconf 83' lang='lat' dir='ltr'>autem</span> <span class='ocrx_word' id='word_1_145' title='bbox 684 2823 724 2887; x_wconf 90' lang='lat' dir='ltr'>ad</span> <span class='ocrx_word' id='word_1_146' title='bbox 741 2846 797 2886; x_wconf 89' lang='lat' dir='ltr'>vos</span> <span class='ocrx_word' id='word_1_147' title='bbox 809 2827 879 2887; x_wconf 93' lang='lat' dir='ltr'>Deo</span> <span class='ocrx_word' id='word_1_148' title='bbox 890 2823 1014 2887; x_wconf 92' lang='lat' dir='ltr'>volente</span> <span class='ocrx_word' id='word_1_149' title='bbox 1030 2824 1061 2887; x_wconf 94' lang='lat' dir='ltr'>in</span> <span class='ocrx_word' id='word_1_150' title='bbox 1077 2822 1234 2909; x_wconf 85' lang='lat' dir='ltr'>proximo,</span> 
     </span>
     <span class='ocr_line' id='line_1_22' title="bbox 280 2923 1237 3010; baseline -0.002 -23"><span class='ocrx_word' id='word_1_151' title='bbox 280 2938 317 2988; x_wconf 93' lang='lat' dir='ltr'>ut</span> <span class='ocrx_word' id='word_1_152' title='bbox 342 2923 497 3007; x_wconf 88' lang='lat' dir='ltr'>gaudium</span> <span class='ocrx_word' id='word_1_153' title='bbox 524 2945 628 2988; x_wconf 91' lang='lat' dir='ltr'>meum</span> <span class='ocrx_word' id='word_1_154' title='bbox 656 2925 686 2987; x_wconf 93' lang='lat' dir='ltr'>in</span> <span class='ocrx_word' id='word_1_155' title='bbox 715 2925 805 2989; x_wconf 87' lang='lat' dir='ltr'>vobis</span> <span class='ocrx_word' id='word_1_156' title='bbox 829 2925 1012 3010; x_wconf 61' lang='lat' dir='ltr'>impleatur.</span> <span class='ocrx_word' id='word_1_157' title='bbox 1061 2928 1151 2998; x_wconf 85' lang='lat' dir='ltr'>Quos</span> <span class='ocrx_word' id='word_1_158' title='bbox 1176 2946 1237 3007; x_wconf 86' lang='lat' dir='ltr'>ego</span> 
     </span>
     <span class='ocr_line' id='line_1_23' title="bbox 279 3022 1235 3108; baseline -0.002 -22"><span class='ocrx_word' id='word_1_159' title='bbox 279 3022 482 3108; x_wconf 85' lang='lat' dir='ltr'>ultraquam</span> <span class='ocrx_word' id='word_1_160' title='bbox 506 3022 567 3087; x_wconf 92' lang='lat' dir='ltr'>dici</span> <span class='ocrx_word' id='word_1_161' title='bbox 590 3024 689 3108; x_wconf 89' lang='lat' dir='ltr'>possit</span> <span class='ocrx_word' id='word_1_162' title='bbox 713 3023 820 3086; x_wconf 88' lang='lat' dir='ltr'>videre</span> <span class='ocrx_word' id='word_1_163' title='bbox 847 3022 1001 3086; x_wconf 88' lang='lat' dir='ltr'>desidero.</span> <span class='ocrx_word' id='word_1_164' title='bbox 1048 3023 1235 3086; x_wconf 86' lang='lat' dir='ltr'>Benedictio</span> 
     </span>
     <span class='ocr_line' id='line_1_24' title="bbox 282 3123 1234 3210; baseline -0.001 -23"><span class='ocrx_word' id='word_1_165' title='bbox 282 3124 342 3187; x_wconf 92' lang='lat' dir='ltr'>Dei</span> <span class='ocrx_word' id='word_1_166' title='bbox 367 3124 471 3189; x_wconf 85' lang='lat' dir='ltr'>Patris</span> <span class='ocrx_word' id='word_1_167' title='bbox 492 3137 524 3189; x_wconf 91' lang='lat' dir='ltr'>et</span> <span class='ocrx_word' id='word_1_168' title='bbox 542 3124 614 3188; x_wconf 84' lang='lat' dir='ltr'>Filii</span> <span class='ocrx_word' id='word_1_169' title='bbox 628 3137 660 3189; x_wconf 90' lang='lat' dir='ltr'>et</span> <span class='ocrx_word' id='word_1_170' title='bbox 683 3126 822 3209; x_wconf 87' lang='lat' dir='ltr'>Spiritus</span> <span class='ocrx_word' id='word_1_171' title='bbox 837 3124 937 3187; x_wconf 89' lang='lat' dir='ltr'>sancti</span> <span class='ocrx_word' id='word_1_172' title='bbox 952 3123 1121 3187; x_wconf 88' lang='lat' dir='ltr'>descendat</span> <span class='ocrx_word' id='word_1_173' title='bbox 1138 3145 1234 3210; x_wconf 89' lang='lat' dir='ltr'>super</span> 
     </span>
     <span class='ocr_line' id='line_1_25' title="bbox 280 3223 1237 3307; baseline 0 -22"><span class='ocrx_word' id='word_1_174' title='bbox 280 3247 336 3288; x_wconf 88' lang='lat' dir='ltr'>vos</span> <span class='ocrx_word' id='word_1_175' title='bbox 353 3247 410 3307; x_wconf 87' lang='lat' dir='ltr'>pro</span> <span class='ocrx_word' id='word_1_176' title='bbox 425 3225 516 3288; x_wconf 90' lang='lat' dir='ltr'>nobis</span> <span class='ocrx_word' id='word_1_177' title='bbox 530 3240 665 3290; x_wconf 85' lang='lat' dir='ltr'>orantes.</span> <span class='ocrx_word' id='word_1_178' title='bbox 710 3228 796 3289; x_wconf 87' lang='lat' dir='ltr'>Acta</span> <span class='ocrx_word' id='word_1_179' title='bbox 811 3237 887 3290; x_wconf 87' lang='lat' dir='ltr'>sunt</span> <span class='ocrx_word' id='word_1_180' title='bbox 908 3224 976 3289; x_wconf 83' lang='lat' dir='ltr'>baec</span> <span class='ocrx_word' id='word_1_181' title='bbox 1000 3225 1138 3288; x_wconf 88' lang='lat' dir='ltr'>secunda</span> <span class='ocrx_word' id='word_1_182' title='bbox 1157 3223 1237 3286; x_wconf 89' lang='lat' dir='ltr'>feria</span> 
     </span>
    </p>
   </div>
   <div class='ocr_carea' id='block_1_3' title="bbox 282 3324 1236 3511">
    <p class='ocr_par' dir='ltr' id='par_1_3' title="bbox 282 3324 1236 3511">
     <span class='ocr_line' id='line_1_26' title="bbox 282 3324 1236 3411; baseline 0.002 -26"><span class='ocrx_word' id='word_1_183' title='bbox 282 3335 353 3408; x_wconf 92' lang='lat' dir='ltr'>post</span> <span class='ocrx_word' id='word_1_184' title='bbox 384 3324 582 3389; x_wconf 89' lang='lat' dir='ltr'>Dominicam</span> <span class='ocrx_word' id='word_1_185' title='bbox 608 3350 673 3411; x_wconf 90' lang='lat' dir='ltr'>qua</span> <span class='ocrx_word' id='word_1_186' title='bbox 703 3339 863 3403; x_wconf 87' lang='lat' dir='ltr'>cantatur,</span> <span class='ocrx_word' id='word_1_187' title='bbox 891 3326 1050 3403; x_wconf 90' lang='lat' dir='ltr'>Gaudete,</span> <span class='ocrx_word' id='word_1_188' title='bbox 1078 3326 1129 3389; x_wconf 93' lang='lat' dir='ltr'>die</span> <span class='ocrx_word' id='word_1_189' title='bbox 1153 3326 1236 3388; x_wconf 91' lang='lat' dir='ltr'>festo</span> 
     </span>
     <span class='ocr_line' id='line_1_27' title="bbox 283 3422 865 3511; baseline 0.007 -24"><span class='ocrx_word' id='word_1_190' title='bbox 283 3436 400 3487; x_wconf 82' lang='lat' dir='ltr'>sanctae</span> <span class='ocrx_word' id='word_1_191' title='bbox 417 3422 525 3488; x_wconf 81' lang='lat' dir='ltr'>Luciae</span> <span class='ocrx_word' id='word_1_192' title='bbox 539 3426 626 3511; x_wconf 88' lang='lat' dir='ltr'>apud</span> <span class='ocrx_word' id='word_1_193' title='bbox 641 3425 865 3491; x_wconf 86' lang='lat' dir='ltr'>Albamarlam.</span> 
     </span>
    </p>
   </div>
   <div class='ocr_carea' id='block_1_4' title="bbox 281 3712 1234 3895">
    <p class='ocr_par' dir='ltr' id='par_1_4' title="bbox 281 3712 1234 3895">
     <span class='ocr_line' id='line_1_28' title="bbox 281 3712 1234 3780; baseline -0.009 -3"><span class='ocrx_word' id='word_1_194' title='bbox 281 3713 503 3777; x_wconf 85' lang='lat' dir='ltr'><strong>EPISTOLA</strong></span> <span class='ocrx_word' id='word_1_195' title='bbox 526 3712 900 3780; x_wconf 79' lang='lat' dir='ltr'>CCCVIIL—-Hsumor</span> <span class='ocrx_word' id='word_1_196' title='bbox 912 3734 1012 3779; x_wconf 75' lang='lat' dir='ltr'>neers</span> <span class='ocrx_word' id='word_1_197' title='bbox 1028 3733 1071 3775; x_wconf 71' lang='lat' dir='ltr'>an</span> <span class='ocrx_word' id='word_1_198' title='bbox 1086 3727 1234 3773; x_wconf 73' lang='lat' dir='ltr'>suanno-</span> 
     </span>
     <span class='ocr_line' id='line_1_29' title="bbox 433 3814 1089 3895; baseline 0 -18"><span class='ocrx_word' id='word_1_199' title='bbox 433 3834 587 3879; x_wconf 69' lang='lat' dir='ltr'>nonnula</span> <span class='ocrx_word' id='word_1_200' title='bbox 604 3836 700 3879; x_wconf 82' lang='lat' dir='ltr'>nxou.</span> <span class='ocrx_word' id='word_1_201' title='bbox 717 3836 822 3881; x_wconf 79' lang='lat' dir='ltr'>neiso.</span> <span class='ocrx_word' id='word_1_202' title='bbox 868 3822 913 3895; x_wconf 82' lang='lat' dir='ltr'>[A.</span> <span class='ocrx_word' id='word_1_203' title='bbox 931 3837 960 3880; x_wconf 85' lang='lat' dir='ltr'>o.</span> <span class='ocrx_word' id='word_1_204' title='bbox 982 3814 1089 3893; x_wconf 87' lang='lat' dir='ltr'>ll7l.]</span> 
     </span>
    </p>
   </div>
   <div class='ocr_carea' id='block_1_5' title="bbox 282 3993 1235 4177">
    <p class='ocr_par' dir='ltr' id='par_1_5' title="bbox 282 3993 1235 4177">
     <span class='ocr_line' id='line_1_30' title="bbox 282 3993 1235 4075; baseline -0.002 -17"><span class='ocrx_word' id='word_1_205' title='bbox 282 3996 447 4059; x_wconf 81' lang='lat' dir='ltr'>Henrious</span> <span class='ocrx_word' id='word_1_206' title='bbox 467 3995 540 4058; x_wconf 77' lang='lat' dir='ltr'>Rea</span> <span class='ocrx_word' id='word_1_207' title='bbox 560 3996 693 4075; x_wconf 79' lang='lat' dir='ltr'>Angliae</span> <span class='ocrx_word' id='word_1_208' title='bbox 707 4003 738 4059; x_wconf 85' lang='lat' dir='ltr'>et</span> <span class='ocrx_word' id='word_1_209' title='bbox 758 3997 842 4059; x_wconf 77' lang='lat' dir='ltr'>Duo</span> <span class='ocrx_word' id='word_1_210' title='bbox 857 3996 1016 4060; x_wconf 84' lang='lat' dir='ltr'>Normon.</span> <span class='ocrx_word' id='word_1_211' title='bbox 1032 4000 1063 4055; x_wconf 85' lang='lat' dir='ltr'>et</span> <span class='ocrx_word' id='word_1_212' title='bbox 1081 3993 1188 4074; x_wconf 78' lang='lat' dir='ltr'>Aquit.</span> <span class='ocrx_word' id='word_1_213' title='bbox 1205 4001 1235 4056; x_wconf 85' lang='lat' dir='ltr'>et</span> 
     </span>
     <span class='ocr_line' id='line_1_31' title="bbox 318 4094 1196 4177; baseline -0.007 -16"><span class='ocrx_word' id='word_1_214' title='bbox 318 4098 428 4161; x_wconf 83' lang='lat' dir='ltr'>Comes</span> <span class='ocrx_word' id='word_1_215' title='bbox 442 4094 605 4176; x_wconf 82' lang='lat' dir='ltr'>Andeguu.</span> <span class='ocrx_word' id='word_1_216' title='bbox 623 4096 662 4158; x_wconf 89' lang='lat' dir='ltr'>B.</span> <span class='ocrx_word' id='word_1_217' title='bbox 680 4097 863 4160; x_wconf 77' lang='lat' dir='ltr'>Euoniensi</span> <span class='ocrx_word' id='word_1_218' title='bbox 878 4096 1037 4177; x_wconf 83' lang='lat' dir='ltr'>Episcopo</span> <span class='ocrx_word' id='word_1_219' title='bbox 1051 4098 1196 4158; x_wconf 83' lang='lat' dir='ltr'>sulutem.</span> 
     </span>
    </p>
   </div>
   <div class='ocr_carea' id='block_1_6' title="bbox 282 4226 1235 4413">
    <p class='ocr_par' dir='ltr' id='par_1_6' title="bbox 282 4226 1235 4413">
     <span class='ocr_line' id='line_1_32' title="bbox 325 4226 1233 4314; baseline -0.003 -23"><span class='ocrx_word' id='word_1_220' title='bbox 325 4230 455 4293; x_wconf 76' lang='lat' dir='ltr'>Scnms</span> <span class='ocrx_word' id='word_1_221' title='bbox 481 4226 565 4311; x_wconf 90' lang='lat' dir='ltr'>quod</span> <span class='ocrx_word' id='word_1_222' title='bbox 590 4230 726 4292; x_wconf 91' lang='lat' dir='ltr'>concessi</span> <span class='ocrx_word' id='word_1_223' title='bbox 748 4252 857 4314; x_wconf 88' lang='lat' dir='ltr'>pacem</span> <span class='ocrx_word' id='word_1_224' title='bbox 883 4250 983 4292; x_wconf 89' lang='lat' dir='ltr'>meam</span> <span class='ocrx_word' id='word_1_225' title='bbox 1006 4229 1154 4293; x_wconf 92' lang='lat' dir='ltr'>omnibus</span> <span class='ocrx_word' id='word_1_226' title='bbox 1176 4227 1233 4311; x_wconf 88' lang='lat' dir='ltr'>qui</span> 
     </span>
     <span class='ocr_line' id='line_1_33' title="bbox 282 4328 1235 4413; baseline -0.002 -21"><span class='ocrx_word' id='word_1_227' title='bbox 282 4329 427 4393; x_wconf 88' lang='lat' dir='ltr'>exierunt</span> <span class='ocrx_word' id='word_1_228' title='bbox 444 4328 483 4390; x_wconf 90' lang='lat' dir='ltr'>de</span> <span class='ocrx_word' id='word_1_229' title='bbox 506 4328 620 4411; x_wconf 81' lang='lat' dir='ltr'>Anglia</span> <span class='ocrx_word' id='word_1_230' title='bbox 641 4344 771 4413; x_wconf 84' lang='lat' dir='ltr'>propter</span> <span class='ocrx_word' id='word_1_231' title='bbox 788 4332 946 4395; x_wconf 85' lang='lat' dir='ltr'>Thomam</span> <span class='ocrx_word' id='word_1_232' title='bbox 965 4334 1118 4395; x_wconf 85' lang='lat' dir='ltr'>Cantuar.</span> <span class='ocrx_word' id='word_1_233' title='bbox 1135 4329 1235 4393; x_wconf 86' lang='lat' dir='ltr'>archi·</span> 
     </span>
    </p>
   </div>
   <div class='ocr_carea' id='block_1_7' title="bbox 0 0 1533 5200">
    <p class='ocr_par' dir='ltr' id='par_1_7' title="bbox 0 0 1533 5200">
     <span class='ocr_line' id='line_1_34' title="bbox 0 0 1533 5200; baseline 0 0"><span class='ocrx_word' id='word_1_234' title='bbox 0 0 1533 5200; x_wconf 95' lang='lat' dir='ltr'> </span> 
     </span>
    </p>
   </div>
  </div>
 </body>
</html>
