3034 5200
287 708 393 787 llos]
662 725 841 770 nrrsrons.
1178 711 1239 771 139

280 899 355 961 pore
370 876 409 940 de
424 875 557 939 inimicis
572 887 714 960 optatam
734 889 864 962 expetet
878 873 1039 940 ultionem.
1071 874 1132 937 Sed
1149 875 1236 960 quio-

281 979 360 1064 quid
371 977 487 1042 faciant
500 1001 600 1064 reges,
609 1000 671 1041 non
684 978 825 1043 creditur
835 978 923 1063 quod
938 975 1151 1041 Pictavienses
1163 999 1235 1040 eum

280 1104 317 1144 eo
338 1081 444 1144 ineant
467 1101 588 1164 pacem,
605 1102 642 1142 eo
664 1078 752 1164 quod
776 1078 946 1164 desperant
972 1101 1006 1143 se
1027 1100 1118 1163 posse
1140 1077 1236 1141 fidem

278 1183 416 1267 reperire
431 1181 463 1245 in
479 1184 618 1257 homine,
635 1203 734 1266 aquo
758 1203 791 1243 se
806 1179 901 1244 etiam
924 1178 1107 1244 innocentes
1127 1191 1238 1244 contra

280 1281 374 1346 iidem
394 1286 487 1346 laesos
501 1304 569 1345 esse
590 1292 781 1367 queruntur.
827 1281 946 1342 Verum
968 1301 1237 1365 supervacaneum

280 1396 326 1447 est
343 1383 445 1446 varias
460 1395 602 1445 retexere
617 1382 794 1467 opiniones,
810 1403 912 1466 quum
935 1403 1041 1445 rerum
1057 1392 1190 1444 eventus
1205 1381 1238 1445 in

280 1485 370 1549 brevi
393 1485 496 1569 ipsam
519 1483 648 1567 detegat
675 1483 860 1548 veritatem:
894 1504 1003 1568 quam,
1027 1506 1128 1569 quum
1149 1483 1239 1547 inno-

283 1587 392 1662 tuerit,
404 1584 475 1667 tibi,
486 1598 615 1649 auctore
630 1588 711 1662 Deo,
725 1587 914 1671 quantocius
928 1596 1052 1671 potero,
1062 1584 1239 1670 significare

282 1710 345 1751 non
366 1687 555 1773 pigritabor,
571 1697 634 1751 tam
658 1687 698 1750 de
720 1688 824 1772 pactis
846 1709 957 1772 regum
981 1686 1133 1771 quamde
1151 1698 1238 1751 statu

284 1789 403 1853 domini
429 1812 532 1874 papas,
555 1801 587 1852 et
610 1811 704 1852 causa
728 1789 867 1853 ecclesiae
895 1788 1082 1874 Anglioanae
1105 1787 1239 1874 diligen-

284 1891 401 1955 tissime
424 1891 562 1955 referens
585 1890 739 1977 quicquid
766 1893 869 1956 relatu
890 1890 1023 1975 dignum
1048 1913 1114 1953 esse
1136 1889 1237 1954 credi·

283 1995 368 2059 dero.
408 1995 464 2058 Tu
479 1994 557 2058 mihi
578 1995 618 2059 de
634 2006 720 2058 statu
741 2006 800 2059 tuo
814 2007 845 2059 et
869 1993 1042 2057 amicorum
1063 1992 1238 2057 rescribens

281 2098 380 2161 vicem
403 2097 517 2161 redde:
547 2096 676 2173 habens,
692 2108 725 2160 et
747 2120 767 2160 a
788 2099 906 2162 sanctis
926 2096 1035 2160 haberi
1055 2095 1183 2175 faciens,
1204 2093 1237 2156 in

282 2204 373 2274 bono,
392 2199 453 2262 mei
469 2210 501 2262 et
517 2219 660 2261 meorum
677 2196 860 2260 memoriam
876 2207 950 2260 ante
966 2196 1083 2260 Deum.

294 2511 516 2575 EPISTOLA
540 2508 1102 2573 cchv.-msomnm1›10nv.
1120 2526 1222 2572 serso.

651 2612 697 2691 [s.
709 2629 739 2673 n.
759 2611 869 2690 llos]

518 2763 644 2826 Joannt
659 2762 782 2825 Pictor.
799 2762 892 2841 epiro.
907 2762 941 2825 J.
957 2762 994 2827 S.

325 2902 512 2963 Bnnnmom
525 2917 609 2980 saepe
620 2896 828 2958 conferuntur
843 2894 970 2958 invitis:
994 2907 1026 2958 et
1041 2916 1126 2975 eum,
1135 2894 1191 2981 qui
1202 2896 1236 2959 in

284 3022 373 3065 suam
390 2997 559 3083 perniciem
576 3008 737 3081 properat,
752 3019 902 3060 revocare
924 2996 1037 3061 caritas
1059 2998 1236 3063 consuevit.

284 3099 379 3177 Quod
397 3099 519 3162 utinam
529 3121 586 3161 rex
604 3096 733 3180 Angliae
748 3096 916 3162 salubriter
931 3098 1124 3183 experiatur.
1170 3104 1236 3165 De·

284 3202 404 3266 bitores
419 3197 501 3261 enim
517 3198 587 3283 ejus
603 3218 732 3261 sumus:
756 3211 789 3261 et
810 3210 946 3284 uterque
967 3219 1111 3265 nostrum
1127 3204 1153 3267 si
1168 3202 1236 3266 lieri

284 3313 401 3389 posset,
424 3300 453 3362 ei
480 3298 575 3363 debet
598 3322 637 3363 ex
665 3299 776 3363 multis
801 3300 904 3366 causis
931 3302 1027 3388 (quas
1052 3326 1236 3368 enumerare

283 3405 414 3489 longum
430 3402 491 3483 est)
509 3423 546 3465 ea
561 3424 634 3486 quae
649 3400 690 3465 nd
707 3401 841 3467 salutem
861 3403 1021 3489 pertinent
1037 3414 1069 3468 et
1083 3405 1235 3470 honorem

282 3505 521 3590 diligentissime
542 3502 719 3587 providere,
734 3515 766 3567 et
783 3515 939 3590 quantum
960 3503 1038 3569 libet
1057 3506 1235 3571 detrectan-

283 3619 346 3671 tem
363 3628 508 3670 revocare
524 3605 564 3669 ab
580 3604 629 3667 his
645 3628 717 3690 qnae
733 3605 846 3670 salutis
867 3604 1070 3691 dispendium
1085 3607 1235 3672 offerunt.

284 3708 362 3786 Quis
384 3708 465 3771 enim
489 3728 551 3770 non
573 3706 679 3769 doleat
701 3719 826 3770 tantum
850 3706 1024 3791 principem
1045 3718 1077 3770 et
1096 3708 1235 3773 ecclesiae

284 3812 346 3874 Dei
362 3821 425 3872 tam
441 3810 649 3872 necessarium
673 3807 706 3870 in
729 3830 767 3870 eo
781 3808 920 3872 fortunae
935 3807 1058 3873 calculo
1071 3832 1138 3875 esse
1152 3811 1236 3897 posi-

284 3922 364 3985 tum,
381 3921 417 3973 ut
439 3907 619 3993 impellente
642 3904 773 3969 oonsilio
795 3907 1015 3992 reproborum,
1036 3909 1069 3972 in
1090 3931 1179 3973 suam
1202 3920 1235 3972 et

283 4008 454 4075 liberorum
471 4030 601 4072 suorum
619 4008 727 4093 (quam
743 4009 832 4071 Deus
847 4015 981 4092 avertat)
998 4008 1235 4072 subversionem

275 4121 374 4175 ,totus
388 4133 531 4196 praeoeps
546 4130 673 4173 currere
688 4109 862 4172 videatur?
893 4112 946 4173 Ex
963 4131 1026 4193 qno
1040 4109 1120 4170 enim
1138 4106 1235 4169 eecle-

285 4214 362 4275 siam
379 4212 440 4274 Dei
459 4212 559 4298 (quod
576 4212 641 4275 sine
664 4211 774 4274 dolore
789 4224 821 4273 et
836 4211 958 4292 gemitu
974 4208 1162 4281 perdicere,
1178 4229 1235 4271 nec

285 4310 460 4377 meminisse
477 4314 620 4399 possum)
635 4334 748 4375 vexare
764 4310 879 4393 coepit,¹
889 4323 920 4373 et
936 4307 1131 4396 proscribere
1146 4307 1235 4371 inno-
