3034 5200
293 715 355 772 288
551 722 688 771 romnus
704 721 982 767 saarssamassrs
1151 704 1197 783 [a.
1214 724 1245 770 o.

295 926 514 990 EPISTOLA
529 923 819 988 cuonrat-so
830 941 966 985 Parnon
977 942 1052 985 aaa.
1063 943 1089 986 s.
1101 941 1248 986 namon.

641 1027 687 1100 [Α.
704 1042 734 1085 o.
755 1026 900 1100 lna-a]

297 1166 395 1227 Petro
412 1163 524 1226 Abbati
539 1165 657 1228 Sancti
672 1165 812 1244 Remigii
834 1163 969 1226 Domini
988 1184 1045 1225 suo
1060 1166 1155 1225 anim
1170 1184 1251 1225 saras

338 1266 485 1328 loannes
500 1267 539 1328 de
555 1263 675 1328 Sorisb.
694 1265 847 1343 Salutm,
861 1275 892 1328 et
911 1268 1081 1349 utriusque
1094 1268 1167 1328 cita
1182 1286 1250 1327 suc-

341 1389 454 1431 corsus.

340 1490 515 1551 Drurunnr
528 1508 657 1550 caussas
664 1485 778 1550 silentii
787 1487 919 1550 reddere
927 1509 987 1549 uon
998 1498 1137 1570 oportet,
1148 1507 1248 1571 quum

298 1603 454 1652 terrarum
467 1588 534 1669 jam
551 1610 570 1649 a
585 1586 686 1650 multo
698 1600 840 1673 tempore
853 1589 916 1651 sint
929 1587 1089 1651 subtracta
1101 1609 1252 1649 commer-

297 1691 356 1768 cia,
376 1701 407 1754 et
431 1689 693 1752 intermeantibus
715 1689 755 1751 de
777 1702 872 1772 gente
894 1690 926 1752 in
951 1703 1075 1771 gentem
1101 1689 1167 1752 siue
1189 1688 1254 1751 dis-

297 1790 414 1876 pendio
443 1789 564 1866 salutis,
588 1802 619 1853 et
643 1790 717 1855 vitae
740 1791 882 1874 periculo
904 1791 1036 1855 transire
1058 1813 1120 1854 non
1148 1790 1251 1853 liceat.

301 1895 363 1960 His
379 1917 464 1974 vero,
486 1893 541 1978 qui
564 1893 703 1978 suspecti
719 1893 821 1957 babiti
838 1905 921 1971 sunt,
935 1892 1121 1977 diligentius
1137 1913 1255 1977 praeca·

299 1994 513 2069 vendumest,
529 2016 568 2056 ne
583 2016 623 2056 ex
640 1991 746 2079 aliqua
766 1992 924 2078 probabili
939 1992 1100 2056 occasione
1116 1990 1253 2077 publicae

302 2096 470 2180 potestatis
485 2095 564 2157 iram
581 2094 755 2156 incurrant.
787 2094 870 2166 Quia
885 2093 961 2156 dum
979 2092 1069 2157 timet
1086 2090 1254 2177 unusquis-

301 2220 365 2282 que
391 2196 477 2281 quod
504 2195 632 2269 meruit,
655 2194 807 2257 adversus
837 2217 910 2257 eum
934 2216 1030 2280 quem
1053 2193 1207 2280 injustius
1221 2205 1253 2255 et

301 2298 439 2363 atrocius
454 2296 545 2371 laesit,
561 2295 687 2359 facilius
707 2295 917 2360 excandescit.
964 2298 1047 2360 Nam
1070 2308 1105 2361 ut
1121 2294 1166 2359 ait
1182 2294 1252 2378 qui·

301 2400 373 2464 dam
390 2398 465 2465 satis
487 2399 648 2484 eleganter
664 2410 696 2462 et
718 2421 810 2461 vere:

445 2510 542 2561 Rrsuror
553 2507 586 2560 de
597 2507 680 2559 veteri
691 2505 769 2559 faciet
781 2513 890 2559 ventura
902 2508 997 2560 timeri.

515 2593 581 2647 Cras
592 2600 712 2663 potenmt
723 2592 781 2646 fieri
793 2595 886 2665 turpia,
900 2594 967 2647 sicut
977 2594 1048 2647 heri.

303 2684 356 2746 Ex
371 2705 437 2767 quo
456 2682 539 2745 enim
556 2681 741 2745 Altissimus
763 2681 886 2767 patiens
908 2680 1049 2767 quidem,
1065 2681 1119 2746 sed
1143 2683 1255 2767 procul

303 2780 403 2844 dubio
418 2779 561 2842 redditor
571 2780 681 2866 justus
695 2779 797 2842 erexit
812 2778 976 2841 dexteram
992 2781 1023 2842 in
1040 2777 1257 2854 retribuendo,

304 2893 335 2945 et
351 2880 485 2965 arripnit
497 2879 655 2965 judicium
667 2902 779 2943 manus
791 2881 871 2965 ejus,
881 2880 993 2944 timent
1006 2878 1148 2965 plurimi,
1160 2901 1200 2941 ne
1211 2878 1258 2941 ira

305 3005 337 3046 se
366 2982 406 3045 ad
434 2981 567 3045 invicem
597 2979 814 3043 collidentium
846 2992 1040 3065 potestatum
1064 2993 1203 3045 transeat
1224 2983 1257 3045 in

304 3083 455 3159 furorem,
484 3094 516 3146 et
546 3082 708 3147 declinant
739 3085 908 3167 impeturn,
938 3082 1039 3146 donec
1066 3082 1196 3168 justitia
1225 3081 1255 3147 in

299 3184 459 3267 judicium
484 3196 697 3257 convertatur,
723 3195 811 3248 etex
837 3184 1042 3248 conversione
1065 3184 1116 3246 vel
1139 3186 1257 3246 contri-

305 3286 390 3348 tione
405 3285 574 3368 impiorum
587 3285 753 3348 consilium
768 3285 897 3349 Domini
907 3286 1091 3349 innotescat.
1116 3284 1259 3360 Interim,

307 3384 529 3471 praestolamur
544 3386 577 3446 in
590 3385 716 3449 silentio
732 3385 870 3450 salutare
882 3388 956 3464 Dei,
969 3400 1091 3452 certum
1103 3386 1258 3449 habentes

307 3485 394 3573 quod
410 3485 564 3571 patientia
579 3508 755 3570 pauperum
772 3510 834 3549 nou
850 3488 966 3573 peribit
985 3492 1014 3552 in
1032 3488 1137 3551 finem.
1165 3488 1260 3549 Nunc

308 3588 462 3675 siquidem
475 3585 648 3672 plurimum
657 3589 830 3652 necessaria
840 3602 899 3665 est,
911 3611 996 3652 nunc
1007 3601 1141 3674 opusest
1153 3587 1260 3663 armis,

308 3688 659 3774 nuncpectorefirmoin
670 3690 817 3753 Domino.
834 3687 1261 3772 Audiunturenimundique

307 3806 442 3858 terrores
457 3804 488 3856 et
503 3791 666 3875 opiniones
681 3792 845 3876 bellorum.
878 3792 1090 3854 Crebrescunt
1104 3786 1260 3866 incendia,

308 3908 351 3973 et,
366 3893 423 3979 qui
435 3894 541 3957 hostes
557 3893 731 3958 debuerant
747 3915 942 3979 expugnare,
957 3892 989 3955 in
1005 3890 1146 3977 praedam
1157 3901 1259 3954 trans-

308 4006 395 4059 eunt.
442 3996 486 4057 Et
498 4016 559 4057 non
570 3994 665 4057 modo
676 3995 716 4058 ab
729 3994 899 4078 Aquilone,
914 3992 967 4055 sed
978 4015 997 4054 a
1006 4004 1146 4076 quatuor
1157 3990 1260 4055 ventis

308 4096 379 4160 coeli
395 4097 425 4159 in
438 4096 608 4181 perniciem
625 4095 818 4181 populorum
833 4092 896 4156 olla
906 4093 1119 4159 succenditur.
1142 4098 1226 4159 Nam
1243 4117 1262 4157 a

308 4194 509 4279 generatione
524 4196 596 4274 ista,
611 4218 672 4258 non
691 4194 786 4257 modo
797 4192 853 4256 filii
870 4194 1035 4259 Baraclriae
1050 4194 1189 4279 sanguia,
1203 4193 1262 4279 qni

308 4305 475 4385 plusquam
500 4300 581 4363 inter
603 4297 757 4384 templum
774 4310 806 4362 et
821 4298 919 4362 altare
943 4322 1044 4385 nuper
1066 4304 1187 4364 effusus
1202 4309 1262 4376 est,
