3034 5200
266 734 372 813 iliu]
647 746 829 792 uersronm.
1149 735 1213 793 235

261 900 457 963 extinctam?
480 897 524 962 sic
547 919 608 960 non
624 897 718 960 estin
734 895 826 960 vobis
841 894 957 981 aliquis
972 896 1027 982 qui
1042 919 1104 960 non
1120 897 1215 962 faciat

260 1000 476 1085 pretiosiorem
514 1011 764 1062 momentaneam
802 995 912 1076 vitam,
948 1019 1045 1082 quam
1080 996 1214 1062 salutem

261 1099 399 1164 ecclesiae
414 1123 481 1164 suae
495 1113 525 1162 et
543 1119 690 1162 coronam
705 1097 855 1183 justitiae.
902 1100 975 1161 Non
998 1098 1080 1161 enim
1097 1120 1182 1162 nunc
1195 1121 1215 1162 a

262 1202 352 1265 vobis
368 1215 472 1266 vestra
487 1213 692 1287 quaeruutur,
713 1196 768 1262 sed
786 1210 821 1262 ut
837 1220 893 1261 vos
909 1196 1049 1262 doceatis
1069 1222 1136 1262 esse
1151 1200 1214 1263 Dei

262 1303 400 1366 cultores
421 1315 453 1367 et
475 1301 612 1365 ecclesiae
633 1300 725 1364 filios
771 1301 843 1363 Hac
865 1299 987 1364 virtute
1011 1300 1215 1386 procedentes

262 1402 425 1467 redimetis
440 1403 586 1477 offensae,
608 1412 723 1465 ettam
745 1399 912 1486 perspicua
933 1401 1049 1464 caritas
1070 1401 1215 1466 multitu·

263 1503 370 1566 dinem
400 1526 475 1590 quae
497 1513 726 1587 praecesserunt
751 1501 874 1587 operiet
900 1515 1112 1584 peccatorum.
1157 1502 1215 1566 Eis

264 1618 369 1667 tamen
384 1604 441 1690 qui
457 1602 629 1688 inspirante
642 1600 772 1668 Christo
787 1615 981 1665 armaturam
997 1603 1057 1665 zeli
1072 1626 1215 1689 assump-

265 1705 374 1782 serint,
403 1705 511 1769 induti
546 1726 606 1789 pro
635 1702 764 1766 thorace
794 1702 965 1788 justitiam,
990 1716 1022 1767 et
1047 1726 1105 1789 pro
1124 1709 1216 1788 galea

260 1804 419 1888 judicium
439 1816 572 1882 certum,
591 1803 661 1866 dux
685 1814 717 1866 et
737 1814 843 1866 custos
862 1801 964 1866 aderit
985 1802 1089 1868 fidelis
1113 1804 1214 1880 Deua,

264 1906 321 1990 qui
335 1929 388 1969 eos
409 1928 504 1991 super
522 1903 604 1967 vires
619 1906 736 1968 tentari
751 1925 813 1965 non
835 1903 995 1988 patietur:
1017 1903 1071 1968 sed
1088 1927 1125 1967 ea
1140 1928 1214 1990 quae

264 2029 348 2070 nunc
379 2007 527 2071 videntur
549 2004 713 2068 imminere
736 2003 878 2089 pericula
902 2005 934 2067 iu
965 2027 1069 2069 veram
1093 2028 1214 2091 pacem,

264 2108 388 2194 plenam
399 2108 598 2173 securitatem
609 2118 640 2170 et
652 2118 838 2192 perpetuam
849 2105 982 2190 gloriam
995 2109 1214 2172 commutabit,
1302 2094 1305 2100 ⁵

265 2213 347 2273 Nam
364 2209 511 2274 dominus
526 2231 593 2282 rex,
614 2205 768 2292 quicquid
785 2205 957 2291 loquantur
968 2206 1122 2288 homineS,
1141 2211 1168 2271 si
1183 2230 1215 2272 sa

264 2309 440 2373 meminerit
471 2332 537 2372 esse
569 2307 734 2372 Christum
775 2305 915 2382 Domini,
954 2320 987 2372 ct
1017 2330 1076 2395 pro
1105 2308 1214 2373 debito

264 2410 369 2488 officii,
391 2433 449 2494 pro
474 2409 598 2493 generis
625 2406 802 2484 nobilitate,
829 2430 885 2493 pro
911 2407 1074 2472 clarissimi
1096 2409 1215 2474 virtute

265 2512 372 2588 animi,
389 2534 451 2575 non
467 2511 562 2574 modo
576 2511 669 2596 justa
683 2508 865 2594 petentibus
884 2532 947 2574 non
964 2510 1118 2596 irrogabit
1131 2513 1215 2598 inju-

265 2613 356 2691 riam,
372 2616 427 2678 sed
442 2611 573 2676 aliosne
588 2612 729 2697 irrogent
739 2611 910 2677 cohibebit.
956 2613 1023 2679 Scit
1038 2614 1121 2677 enim
1137 2613 1214 2699 quia

264 2717 348 2800 regis
376 2714 476 2777 honor
500 2713 660 2798 judicium
689 2710 806 2797 diligit.
851 2712 971 2778 Videor
1001 2715 1078 2779 mihi
1108 2716 1215 2780 videre

266 2816 371 2903 plures
394 2816 426 2879 in
452 2815 542 2881 vobis
565 2814 623 2900 qui
647 2814 792 2899 praeclari
819 2813 917 2901 hujus
942 2816 1047 2881 meriti
1067 2840 1216 2882 coronam

266 2918 423 2993 affectent,
450 2930 482 2982 et
511 2916 618 2980 dicant
649 2914 764 3001 singuli
794 2937 865 2979 cum
895 2916 1053 3002 propheta
1081 2920 1114 2981 in
1132 2921 1217 2983 auri·

267 3019 328 3084 bus
342 3020 498 3084 ecclesiae:
524 3020 608 3081 Ecce
623 3010 694 3100 ego,
716 3020 807 3081 mitte
827 3039 896 3080 me:
919 3033 1071 3084 conantes
1094 3022 1217 3085 cacteris

266 3123 438 3205 praeripere
461 3122 589 3185 titulum
613 3140 679 3203 quo
693 3118 779 3180 fama
796 3117 971 3183 redimetur
991 3120 1215 3198 universitatis,

267 3232 299 3284 et
315 3220 518 3306 privilegium
533 3220 671 3284 ccclesiae
686 3217 792 3283 stabili
807 3221 915 3304 vigore
931 3223 1186 3308 perpetuabitur.

288 3531 509 3595 EPISTOLA
532 3527 818 3594 ccxcvii-m
840 3546 989 3591 ruouam
1012 3548 1195 3593 clusuriar-

373 3649 488 3695 uusum
503 3647 702 3694 umsoorunr.
728 3630 813 3710 [mu.
831 3634 924 3691 1170.
947 3650 990 3691 m.
1005 3631 1105 3710 dum]

273 3784 403 3846 Thorace
419 3784 581 3846 Criniuor.
605 3781 859 3862 Archiept‘acopo,
867 3780 901 3842 J.
915 3779 1053 3841 Sarcaa
1067 3781 1215 3845 Camoto.

311 3920 504 3984 Consulum
525 3913 646 3978 domini
670 3913 857 3978 senonensis
882 3925 914 3977 et
937 3923 1080 3977 nostrum
1108 3927 1165 3992 est,
1189 3918 1215 3981 si

269 4020 357 4083 vobis
371 4019 484 4085 melius
499 4041 561 4082 non
576 4015 728 4096 occurrit,
743 4028 780 4079 ut
790 4016 908 4080 litterae
924 4016 1216 4101 urgentioresquas

268 4119 392 4183 habetis
414 4142 509 4204 penes
532 4141 588 4182 vos
609 4117 649 4180 de
666 4116 795 4202 justitia
815 4115 992 4181 exercenda
1014 4116 1041 4179 si
1062 4137 1127 4201 pax
1153 4139 1215 4183 non

272 4222 380 4300 fuerit,
395 4220 525 4285 celerius
539 4219 789 4304 Rothomagensi
805 4231 837 4283 et
852 4218 1030 4283 Turonensi
1045 4218 1217 4306 archiepis.

271 4321 357 4407 copis
368 4321 589 4388 ostendantur:
604 4321 713 4386 saltem
726 4333 762 4387 ut
773 4320 883 4385 audiat
895 4320 996 4386 hostis
1007 4328 1039 4382 et
1050 4331 1216 4388 terreatur.
