3034 5200
315 699 359 759 οἳ
572 701 709 756 tosnurs
723 694 1004 756 sannssr'rrunnsrs
1172 695 1217 774 [a
1233 707 1266 758 n.

315 863 495 928 Gallicanae
517 861 571 945 qui
594 862 796 927 vexationem
818 862 889 947 ejus
909 863 957 926 ita
977 865 1092 927 acerbe
1112 864 1219 928 ferunt
1234 875 1271 928 ut

314 985 414 1029 suam.
459 964 529 1026 Nec
552 972 602 1027 est
621 964 738 1045 aliquis
760 985 869 1028 eorum
892 965 948 1048 qui
970 968 1116 1030 consulat
1136 976 1173 1030 ut
1194 988 1267 1031 sen-

313 1065 447 1130 tentiam
462 1073 599 1141 revocet,
614 1062 691 1126 dum
704 1063 897 1129 inobediens
911 1067 1093 1145 extiteritis,
1106 1078 1138 1130 et
1153 1088 1266 1131 exces-

314 1188 386 1230 sum
402 1174 541 1228 vestrum
556 1165 616 1227 sub
632 1166 859 1248 appellationis
879 1177 1039 1252 praetextu
1053 1169 1156 1231 velitis
1170 1189 1269 1232 excu-

313 1288 417 1348 sare,
443 1265 583 1349 Recepit
610 1267 697 1329 euim
726 1269 949 1351 appellatorias
977 1279 1100 1333 vestras
1128 1279 1162 1333 et
1190 1269 1269 1332 alias

312 1367 443 1432 nomine
459 1367 699 1450 episcoporum,
713 1367 773 1430 etsi
792 1379 937 1432 neutram
951 1369 1109 1452 receperit
1128 1368 1269 1452 appella-

312 1470 445 1545 tionem,
460 1477 497 1531 ut
510 1489 552 1531 ex
568 1469 774 1551 responsione
789 1469 861 1553 ejus
875 1471 970 1534 nobis
984 1471 1091 1553 palam
1105 1481 1161 1533 est
1199 1471 1268 1532 Vos

314 1582 421 1636 autem
445 1568 496 1652 (nt
510 1567 568 1650 ait)
593 1591 653 1633 nec
669 1571 845 1635 recessistis
864 1571 981 1651 adhuc,
996 1592 1059 1634 nec
1080 1571 1110 1633 ei
1126 1590 1268 1653 unquam

312 1692 409 1756 super
429 1671 681 1754 appellationum
703 1672 943 1736 renunciatione
966 1671 1148 1755 scripsistis,
1171 1692 1268 1754 quum

311 1781 419 1835 tamen
439 1770 502 1833 hoc
522 1771 707 1853 patentibus
727 1770 841 1834 litteris
861 1782 1004 1855 oporteat
1026 1773 1106 1850 fieri,
1121 1772 1150 1835 si
1170 1773 1265 1835 abeo

311 1869 561 1936 misericordiam
576 1869 766 1950 expectatis.
809 1871 1043 1952 Appellatorias
1059 1894 1133 1935 vero
1148 1882 1268 1936 vestras

312 1971 445 2036 domino
464 1992 557 2055 papie
572 1969 673 2033 misitr
705 1979 738 2033 et
759 1970 881 2033 utinam
902 1992 1010 2035 verum
1031 1982 1117 2037 esset
1130 1973 1217 2056 quod
1230 1973 1267 2035 in

313 2073 381 2137 suis
396 2071 541 2156 episcopi
554 2069 718 2134 testificati
733 2079 818 2146 sunt,
832 2069 873 2132 de
894 2067 1079 2135 innocentia
1093 2083 1126 2136 et
1139 2071 1269 2155 justitia

313 2173 437 2238 domini
461 2174 544 2254 regis
567 2172 625 2254 qui
647 2171 694 2248 (ut
715 2168 818 2251 aiunt)
843 2170 938 2235 dulce
961 2181 1051 2254 putat
1076 2173 1267 2256 obsequium

315 2273 441 2357 quoties
455 2282 611 2348 monetur,
625 2281 661 2333 ut
681 2271 829 2353 corrigat,
844 2271 965 2356 siquid
985 2273 1066 2336 forte
1081 2273 1216 2357 deliquit
1233 2273 1268 2336 in

316 2373 503 2438 Dominum.
547 2372 583 2435 Si
606 2380 694 2435 tanta
712 2382 761 2436 est
780 2373 961 2456 benignitas
982 2373 1062 2458 ejus,
1079 2396 1177 2458 quare
1201 2395 1269 2437 non

314 2475 511 2538 conveniunt
531 2494 616 2551 eum,
630 2481 668 2536 ut
686 2470 845 2536 Ecclesia
860 2475 924 2537 Dei
944 2486 1055 2558 percat
1072 2487 1104 2540 et
1125 2474 1208 2541 sibi?
1239 2476 1268 2538 si

313 2597 379 2640 non
403 2584 462 2654 est,
484 2594 581 2657 quare
602 2574 788 2657 patentibus
812 2575 925 2640 litteris
949 2577 1111 2641 testificati
1133 2588 1207 2641 sunt
1228 2577 1264 2640 in

313 2679 436 2744 animas
460 2678 556 2741 suas?
588 2678 660 2740 haec
681 2676 854 2760 praetendit
874 2678 1146 2761 archiepiscopus,
1166 2688 1199 2741 et
1219 2678 1267 2741 sie

313 2777 556 2856 reluctantibus,
571 2786 603 2841 et
622 2787 770 2861 patenter
789 2777 971 2840 sitientibus
993 2779 1182 2861 sangumem
1197 2778 1267 2862 ejus

313 2892 424 2945 contra
434 2879 616 2955 ecclesiam,
626 2889 658 2941 et
670 2878 810 2961 seipsum
821 2878 1026 2961 acquiescere
1036 2900 1102 2941 non
1115 2879 1266 2942 decrevit

315 2982 474 3045 Caeterum
492 2979 521 3043 si
539 3000 597 3043 ros
621 2978 843 3043 subtraxeritis
869 2980 967 3055 coetui
991 2990 1267 3064 persequutorum,

314 3091 347 3144 et
361 3079 518 3143 redieritis
528 3100 588 3162 per
602 3080 837 3144 exhibitionem
853 3080 1054 3162 obedientiae,
1069 3082 1200 3167 pronior
1210 3081 1270 3145 erit

314 3180 357 3245 ad
384 3180 510 3244 veniam
540 3188 574 3242 ct
603 3200 730 3243 omnem
763 3180 1013 3245 misericordiam
1042 3183 1268 3258 exercendam,

314 3301 410 3365 quam
424 3300 482 3343 vos
493 3278 536 3342 ad
549 3299 672 3361 preces,
683 3291 715 3343 et
729 3281 793 3346 hoc
805 3282 948 3366 quidem,
959 3284 1043 3348 sieut
1055 3284 1126 3367 ipse
1142 3283 1265 3357 videtis,

315 3381 383 3445 fieri
408 3378 552 3462 expedit,
575 3380 673 3443 immo
699 3401 833 3446 necesse
858 3393 916 3447 est.
961 3384 1059 3447 Scitis
1081 3386 1165 3448 enim
1189 3382 1266 3466 quid

314 3480 463 3545 dominus
477 3500 563 3563 papa
576 3480 776 3563 rescripserit
789 3480 877 3545 fratri
891 3491 994 3545 vestro
1009 3482 1163 3567 episcopo
1179 3482 1265 3545 Con-

315 3581 491 3655 stantiensi,
507 3580 586 3663 quid
606 3581 702 3644 etiam
723 3583 830 3646 solatii
852 3583 944 3647 vobis
961 3580 1070 3646 asede
1089 3582 1267 3665 apostolica

315 3683 457 3747 retulerit
476 3681 620 3745 decanus
638 3691 751 3746 vester.
797 3681 881 3747 Nam
904 3692 1037 3747 conatus
1056 3681 1126 3767 ejus
1144 3692 1176 3746 et
1194 3703 1267 3765 pro·

314 3805 426 3849 cessus
455 3804 521 3847 non
548 3784 627 3848 latet
652 3783 944 3867 archiepiscopum,
967 3784 1024 3867 qui
1048 3805 1106 3868 per
1130 3784 1268 3847 nuncios

315 3907 390 3952 suos
411 3906 515 3969 nuper
536 3886 660 3968 recepit
681 3885 894 3967 apostolicam
915 3884 1179 3962 consolationem,
1193 3905 1268 3948 eum

313 3991 484 4053 multarum
492 3986 654 4051 fasciculis
665 3985 850 4048 litterarum
873 3983 1029 4048 Praelatus
1038 3984 1270 4069 quoquedeca·

315 4112 389 4166 nus,
412 4090 441 4153 si
463 4089 595 4170 dignum
621 4085 722 4163 dueit,
743 4085 928 4149 meminisse
954 4095 1060 4169 potest
1083 4088 1269 4171 pactionum

316 4213 396 4274 quas
410 4189 491 4268 iniit,
507 4196 539 4250 et
554 4185 739 4250 cautionum
755 4206 835 4269 quas
849 4186 996 4269 proestitit
1017 4186 1147 4250 domino
1165 4206 1271 4271 papae,

316 4301 349 4353 et
371 4292 399 4354 si
420 4293 461 4354 ab
482 4287 607 4372 injuriis
630 4286 867 4371 archiepiscopi
889 4288 939 4351 sui
963 4301 995 4352 et
1017 4287 1138 4352 domini
1156 4301 1267 4373 postea
