3034 5200
309 683 371 748 152
586 698 723 742 Jouurus
738 697 1019 743 sunusuunruusls
1169 676 1213 755 [A.
1232 698 1262 741 n.

304 854 338 917 in
353 853 408 916 illa
422 849 596 915 studiosius
607 849 743 916 elabora.
789 852 873 914 Nam
890 849 970 912 sicut
983 847 1162 934 indigentes
1177 870 1260 934 prae-

308 957 425 1033 venire,
445 953 490 1016 sic
513 951 709 1037 negligentes
731 954 874 1016 deserere
896 950 1071 1014 consuevit.
1117 956 1190 1016 Non
1213 966 1260 1018 est

303 1049 426 1136 (frater)
441 1053 592 1116 damnum
616 1051 851 1137 dispendiosius
871 1074 968 1137 quam
989 1051 1015 1114 si
1034 1052 1109 1137 quis
1123 1075 1141 1115 a
1155 1055 1261 1138 gratia

303 1154 450 1220 excidat:
475 1171 506 1218 et
530 1167 567 1217 ut
582 1155 665 1218 nosti
681 1155 811 1238 jactura
831 1154 1016 1236 turpissima
1038 1165 1084 1217 est
1106 1177 1180 1239 quae
1202 1178 1260 1240 per

303 1255 527 1342 negligentiam
558 1255 604 1319 fit.
677 1256 795 1318 Omnes
825 1254 920 1318 ethici
944 1267 1007 1319 tam
1031 1256 1130 1320 nostri
1159 1279 1256 1340 quam

303 1358 421 1424 ethnici
443 1357 670 1442 negligentiam
697 1369 853 1421 conantur
874 1369 1035 1436 excutere,
1058 1370 1095 1421 ut
1111 1372 1142 1422 et
1166 1361 1258 1435 Cato,

303 1464 363 1547 qui
391 1484 410 1525 a
446 1460 562 1524 teneris
595 1457 741 1523 medullis
779 1457 929 1534 ebibitur,
966 1460 1120 1545 quatinus
1153 1460 1258 1524 animo

303 1563 427 1627 firmius
439 1562 605 1636 cohaereat,
617 1560 684 1623 filio
695 1559 793 1623 dixit:
810 1559 935 1622 custodi
944 1582 1010 1623 rem
1022 1574 1120 1626 tuam.
1144 1566 1189 1627 Et
1203 1564 1259 1626 Sa·

303 1666 408 1730 lomon
418 1665 571 1750 praecepit
581 1685 638 1726 nos
649 1661 765 1726 imitari
778 1660 942 1724 formicam
951 1661 1007 1748 qui
1018 1676 1128 1728 aestate
1139 1664 1258 1750 colligit

305 1765 390 1829 uude
405 1765 492 1827 vivat
507 1765 540 1826 iu
556 1763 679 1848 hyeme.
725 1761 813 1835 Quid
825 1774 931 1826 autem
944 1763 1045 1848 magis
1054 1777 1103 1829 est
1115 1777 1257 1829 nostrum

303 1889 401 1952 quam
423 1865 528 1950 gratia
547 1864 580 1926 id
597 1875 644 1928 est
659 1885 775 1928 munus
792 1864 880 1928 Dei?
904 1864 1033 1928 Dicitur
1055 1866 1138 1929 enim
1153 1867 1258 1951 gratia

303 1968 395 2055 quasi
410 1966 511 2052 gratis
532 1966 618 2030 data.
663 1965 775 2050 Hujus
797 1965 948 2029 acerrima
969 1965 1189 2051 impugnatrix
1207 1981 1254 2033 est

302 2067 497 2154 negligentia
511 2089 607 2152 quam
618 2065 764 2152 patribus
778 2066 914 2131 familias
929 2090 1014 2153 saepe
1028 2069 1143 2152 ingerit
1154 2091 1256 2153 genus

304 2169 464 2246 daemonii,
480 2167 567 2254 quod
584 2190 645 2231 non
662 2167 788 2253 ejicitur
802 2167 863 2233 nisi
875 2169 908 2231 in
925 2168 1066 2233 oratione
1077 2183 1108 2234 et
1119 2170 1255 2256 jejunio

306 2273 361 2335 Tu
375 2293 475 2358 quum
489 2270 665 2334 decreveris
677 2269 829 2336 adversus
839 2271 899 2334 hoc
909 2269 1194 2357 poterisjejunare,
1201 2273 1257 2337 sed

305 2377 371 2439 sine
386 2372 617 2437 intermissione
638 2372 761 2437 orabis:
794 2396 858 2437 non
880 2372 1012 2459 quidem
1034 2387 1128 2439 utens
1150 2375 1254 2440 verbis

303 2474 493 2560 sapientium
510 2474 607 2560 hujus
622 2473 743 2554 mundi,
759 2472 819 2560 qui
831 2474 898 2537 fere
912 2473 1043 2540 dicunt:

725 2591 840 2645 Pulchra
852 2593 982 2659 Lucerna,

407 2680 452 2732 Da
463 2680 527 2732 mihi
536 2678 635 2744 fallere,
648 2679 683 2731 da
694 2678 814 2732 sanctum
825 2679 977 2750 justumque
988 2679 1087 2732 videri:

303 2783 678 2871 sederangelici'squibus
689 2782 729 2846 ad
737 2782 864 2846 Patrem
878 2805 956 2845 usus
966 2796 1014 2847 est
1021 2783 1252 2851 Filiusdicens:

302 2892 377 2953 Non
389 2910 452 2969 pro
470 2889 594 2951 muodo
608 2909 691 2969 rapo,
714 2887 771 2949 sed
780 2907 843 2969 pro
864 2888 915 2949 leia
934 2908 1013 2969 quos
1027 2889 1148 2953 dedisti
1162 2891 1255 2964 miti,

221 3058 224 3063 ,
303 3004 334 3054 et
358 2989 427 3053 aliis
448 2988 708 3052 convenientibus
730 2987 806 3051 huic
827 3010 940 3052 causae.
988 2989 1050 3053 Sed
1073 2990 1178 3055 adhuc
1199 3015 1255 3056 ex·

303 3090 554 3155 cellentissimam
570 3089 712 3154 omnium
729 3089 824 3167 viam,
837 3089 1007 3154 fraternam
1024 3090 1102 3156 dicit
1113 3104 1145 3157 et
1160 3092 1255 3157 docet

302 3192 462 3278 apostolus
486 3191 661 3272 caritatem,
686 3214 752 3277 qua
777 3204 809 3256 te
833 3190 991 3257 convincit
1013 3194 1158 3258 incedere
1184 3217 1264 3280 pro-v

304 3295 492 3381 scriptorum
505 3293 762 3357 commemoratio
773 3293 920 3359 fratrum.
944 3296 988 3358 Et
1001 3317 1101 3381 quum
1114 3296 1255 3359 fraterna

302 3396 552 3473 commendatur,
577 3415 639 3457 uon
670 3394 855 3459 excluditur
886 3409 921 3460 ut
951 3395 1074 3481 opinor,
1103 3396 1252 3460 sororina.

303 3499 422 3565 Valete.

303 3771 523 3836 EPISTULA
546 3772 750 3836 COLL-an
771 3789 1004 3836 naunuurunu
1022 3789 1065 3833 uu
1086 3787 1253 3834 unnuouc.

678 3874 725 3949 [A.
742 3892 772 3934 o.
792 3874 902 3949 lma]

339 4044 427 4107 Idem
445 4041 699 4123 Raadulphodc
710 4039 1037 4104 AmareaMonacoo
1055 4042 1217 4105 Cantetur.

346 4168 605 4253 Quoohactenus
614 4176 741 4241 tibinon
753 4177 873 4260 scripsi,
880 4177 961 4239 ratio
970 4198 1009 4240 ex
1018 4178 1255 4265 eausaduplici‚

302 4283 328 4347 si
341 4292 445 4344 tamen
458 4279 573 4346 intueri
587 4279 723 4365 placeat,
739 4280 770 4341 in
782 4276 930 4342 absoluto
941 4291 1000 4345 est.
1046 4280 1153 4346 Primo
1165 4281 1253 4372 quod
