3034 5200
285 680 305 741 8
542 696 679 742 ioannis
694 697 971 743 sanusnermssrs
1140 680 1186 761 [a
1203 699 1237 743 o.

284 850 427 933 Epicuri.
474 850 569 925 Quod
590 851 677 914 eninr
699 851 740 915 de
762 852 881 915 talibus
901 852 1059 931 scribitur,
1081 854 1237 937 qnoniam

284 971 393 1015 eorum
409 953 500 1017 Deus
516 963 623 1017 venter
637 962 696 1028 est,
711 966 745 1016 et
766 954 866 1035 gloria
887 954 920 1014 in
942 953 1178 1030 confusionem,
1192 952 1233 1015 ad

284 1064 399 1117 caetera
421 1075 549 1138 quoque
572 1055 647 1119 titia
669 1056 875 1139 probabiliter
896 1051 1027 1118 dilatata
1047 1057 1236 1138 interprete*

282 1154 369 1217 tione
397 1155 604 1238 protenditur.
657 1155 755 1221 Unde
784 1168 826 1242 et,
846 1159 881 1220 in
910 1158 1090 1240 Evangelio
1119 1157 1236 1220 veritas

284 1254 392 1334 docet,
413 1258 485 1320 Deo
507 1268 539 1322 et
560 1259 756 1322 Mammonae
780 1260 874 1322 simul
896 1258 1003 1321 serviri
1025 1280 1092 1320 non
1117 1279 1235 1340 posse:

283 1371 316 1424 et
341 1359 428 1444 quod
454 1361 508 1445 qui
534 1361 656 1425 amicus
686 1363 787 1425 seculi
816 1383 887 1424 esse
916 1357 1084 1437 desiderat,
1106 1361 1170 1423 Dei
1196 1381 1231 1423 se

284 1461 449 1525 constituit
462 1461 638 1526 inimicum.
683 1463 809 1526 Doctor
822 1461 965 1544 gentium
984 1468 1186 1545 praeconatur
1200 1469 1234 1522 et

283 1563 411 1643 elamat,
435 1563 512 1647 quia
537 1565 563 1627 si
589 1564 774 1628 homiuibus
802 1566 930 1647 plaeere
959 1565 1086 1641 vellem,
1112 1560 1231 1624 Christi

283 1685 391 1728 servus
405 1686 469 1727 non
486 1686 606 1728 essem:
641 1675 674 1728 et
688 1667 745 1748 qui
758 1666 946 1729 bominibus
964 1666 1093 1748 placent
1108 1663 1235 1727 confusi

282 1777 366 1840 sunt,
383 1766 532 1849 quoniam
549 1766 641 1831 Deus
656 1767 777 1850 sprevit
789 1767 872 1828 illos.
917 1765 984 1828 Sed
1005 1767 1069 1828 alia
1089 1767 1235 1849 profectu

282 1866 535 1950 Archisynagogi
558 1877 590 1930 et
612 1868 804 1950 complicum
827 1867 896 1950 ejus
918 1867 1074 1929 sententia
1097 1879 1156 1939 est,
1176 1865 1233 1950 qui

281 1968 482 2032 fraudulenta
507 1971 670 2033 verborum
697 1968 956 2051 interpretatione
986 1966 1028 2030 ad
1056 1968 1232 2045 arbitrium,

280 2091 345 2134 non
376 2069 416 2135 ad
445 2080 583 2134 mentem
609 2071 747 2134 auctoris
776 2069 967 2154 detorquent
995 2071 1108 2151 legem,
1133 2069 1230 2152 eique

279 2173 393 2237 nolunt
408 2194 498 2237 suum
516 2173 758 2237 accommodare
773 2173 990 2236 intellectum:
1014 2170 1071 2235 sed
1083 2170 1116 2234 id
1132 2183 1231 2253 agunt

281 2273 384 2339 modis
409 2274 568 2354 omnibus,
593 2287 629 2340 ut
655 2275 741 2358 quod
767 2276 814 2339 eis
837 2275 964 2339 libitum
990 2275 1093 2352 suerit,
1119 2274 1229 2337 divino

281 2396 410 2462 quoque
419 2376 485 2462 juri
500 2390 748 2445 consentaneum
762 2378 912 2442 videatur.
950 2379 1039 2443 Dicit
1054 2378 1138 2442 enim
1155 2378 1230 2462 quia
1265 2368 1267 2371 ’

279 2493 344 2536 non
372 2485 420 2539 est
445 2495 503 2557 pro
528 2475 673 2538 libertate
698 2476 858 2540 Ecclesiae
883 2475 1119 2541 decertandum.
1165 2473 1230 2538 Sed

279 2576 378 2641 fallax
394 2588 426 2642 et
441 2578 518 2643 falsu
532 2575 722 2662 hypocrisis,
737 2601 801 2663 quo
817 2579 1013 2663 progrederis
1022 2579 1037 2667 i¹
1060 2578 1147 2651 Quid
1162 2578 1229 2641 bae·

279 2700 365 2744 reses
381 2681 501 2745 moliris
516 2693 548 2746 et
562 2682 758 2747 schismata?
780 2704 887 2745 noune
901 2684 941 2745 ab
956 2681 1047 2744 initio
1067 2680 1229 2742 nascentis

279 2782 359 2867 legis
388 2784 428 2849 ad
458 2786 637 2850 libertatem
669 2784 734 2848 Dei
767 2795 898 2846 vocatus
929 2792 979 2845 est
1003 2778 1165 2865 populus?
1198 2791 1235 2844 et.

279 2884 440 2967 AEgyptus
462 2884 717 2951 intolerabilibus
739 2883 857 2957 afflicta
880 2881 994 2966 plagis,
1016 2902 1088 2965 quae
1113 2882 1231 2945 Eccle-

280 2984 359 3048 siam
376 2986 415 3049 de
428 2985 561 3069 antiqua
572 2996 604 3050 et
618 2988 703 3051 avita
718 2984 958 3064 consuetudine,
969 2994 1001 3047 et
1016 2984 1079 3047 iere
1094 2988 1231 3068 pe1800

279 3104 381 3149 annos
396 3085 528 3148 obtenta
543 3085 727 3150 vindicabat
741 3087 775 3150 in
791 3085 994 3149 servitutem?
1025 3086 1143 3149 Nonne
1157 3086 1230 3149 Ma-

279 3184 405 3250 chaboei
420 3196 572 3271 martyres
594 3207 653 3270 pro
673 3187 817 3249 libertate
831 3186 961 3249 fratrum
976 3207 1104 3249 suorum
1118 3186 1229 3250 lauda·

279 3285 388 3351 biliter
410 3296 443 3351 et
469 3286 616 3370 religiose
639 3288 857 3350 sanctissimas
881 3288 1005 3350 animas
1030 3286 1227 3370 posuerunt?

280 3388 388 3451 David
402 3388 549 3473 uunquid
570 3410 636 3454 non
658 3389 767 3453 stravit
781 3390 987 3472 Allophylum
1001 3388 1164 3473 lapidibus
1187 3388 1228 3451 da

278 3500 416 3556 torrente
439 3492 598 3574 congestis
619 3493 652 3555 in
678 3512 789 3575 porum
813 3494 1014 3574 pastoralem,
1036 3501 1072 3554 ut
1096 3491 1229 3554 Domini

279 3593 478 3657 exercituum
504 3595 632 3677 agmina
656 3595 698 3658 ab
723 3594 876 3659 indebitae
902 3594 1061 3658 servitutis
1084 3594 1176 3679 jugo,
1197 3606 1233 3659 et

279 3692 443 3777 roligionis
467 3696 639 3780 opprobrio
663 3694 836 3761 liberaret?
876 3696 935 3760 sed
963 3697 1043 3779 quid
1068 3718 1173 3780 pauca
1198 3709 1231 3761 et

280 3816 379 3882 parra
412 3810 634 3881 proponuntur
661 3798 833 3883 exempla?
872 3800 1029 3884 scriptura
1056 3800 1122 3863 sere
1150 3812 1229 3877 tota,

279 3917 353 3984 (lure
366 3897 401 3961 in
415 3897 555 3961 historiis
569 3898 693 3981 digesta
707 3912 767 3977 est,
777 3901 893 3963 talibus
908 3901 1042 3964 virorum
1056 3901 1241 3967 illustrium·

279 4000 392 4068 uteru
406 4006 457 4062 est
470 3997 683 4064 nranimentis.

323 4101 407 4166 Diuo
432 4111 539 4164 oritoni
565 4121 672 4166 consa
697 4110 773 4165 suut
797 4123 877 4186 quas
902 4102 1050 4167 homines
1074 4106 1229 4167 affectuo-

278 4203 401 4270 sissimo
423 4217 561 4282 tuentur,
583 4214 615 4266 et
637 4225 716 4288 quus
737 4218 927 4288 praeponunt
951 4207 1120 4269 animabus
1141 4207 1227 4281 suis;

279 4305 377 4371 tituta
390 4306 560 4384 libertatis;
578 4306 676 4371 alteru
687 4306 763 4371 lidci
778 4319 809 4370 ut
824 4306 997 4388 roligionis.
1044 4308 1107 4373 Illa
1120 4321 1229 4381 tamen
