3034 5200
281 707 325 768 56
540 722 674 768 maurus
689 718 966 767 saansanrunusrs
1135 700 1182 785 [A.
1197 723 1229 767 n.

282 896 347 962 quo
375 877 410 941 in
439 895 512 938 eum
534 875 636 937 solum
666 873 860 936 contulimus
877 864 1096 956 ‘patrocinium
1123 895 1229 938 causa

281 989 418 1053 nostran
439 986 483 1054 et,
495 974 580 1039 unde
592 974 694 1054 magis
709 973 790 1054 grati
806 995 876 1038 esse
892 973 1046 1038 debemus
1056 976 1232 1053 Altissimo,

282 1101 302 1144 a
323 1077 508 1143 domesticis
530 1085 563 1139 et
583 1075 724 1159 antiquis
738 1074 947 1140 familiaribus
967 1075 1047 1138 nihil
1069 1078 1130 1140 hac
1152 1088 1231 1139 tem-

281 1191 403 1265 pestate
418 1177 612 1260 recepimus:
636 1175 694 1239 sed
709 1177 803 1239 amici
820 1178 920 1240 nostri
934 1187 967 1240 et
980 1178 1120 1260 proximi
1136 1186 1231 1240 stete·

280 1289 356 1345 runt
370 1289 481 1344 contra
494 1298 554 1340 nos
569 1287 726 1360 ponentes
747 1298 874 1340 caruem
892 1278 1059 1342 brachium
1079 1299 1181 1355 suum,
1197 1286 1231 1339 et

281 1367 429 1445 tenebras
447 1380 564 1441 lucem.
610 1377 658 1440 Ut
679 1376 765 1438 enim
781 1375 821 1440 de
835 1377 907 1441 aliis
925 1387 1059 1456 taceam,
1067 1377 1136 1461 jam
1152 1398 1231 1460 qua·

281 1481 460 1546 driennium
474 1479 553 1542 mihi
575 1477 721 1541 exulanti
742 1478 887 1552 elabitur,
902 1499 962 1542 nee
978 1479 1148 1543 iuratione
1164 1476 1232 1541 dati

280 1595 315 1650 et
328 1582 455 1666 accepti
465 1580 563 1644 alicui
578 1591 712 1645 eatenus
723 1580 881 1661 obligatus
895 1601 977 1657 sum,
988 1581 1068 1664 quin
1083 1581 1232 1642 omnibus

281 1686 316 1749 in
339 1703 508 1748 commune
530 1681 713 1744 satisfacere
735 1702 875 1764 possem,
889 1681 1036 1764 delegato
1051 1682 1097 1746 eis
1112 1681 1154 1745 ad
1169 1682 1232 1744 sol·

281 1783 419 1848 rendum
430 1782 631 1866 pauperrimo
642 1780 796 1844 debitore.
819 1785 851 1844 N
853 1803 889 1845 ee
901 1783 963 1845 hoc
976 1796 1081 1846 tamen
1095 1783 1231 1846 dixerim

280 1885 322 1949 ad
337 1881 532 1964 arguendam
547 1879 806 1962 ingratitudinem
821 1892 962 1945 veterum
977 1884 1162 1960 amicorum,
1173 1882 1232 1946 sed

180 1999 186 2011 '
280 1985 322 2051 ad
342 1981 610 2066 magnificandam
634 1983 767 2062 gratiam
788 1982 861 2056 Dei,
878 1984 933 2066 qui
953 1995 1063 2047 contra
1083 1996 1115 2046 et
1134 2005 1230 2067 supra

280 2086 393 2150 merita
406 2104 487 2161 mea,
503 2093 566 2146 tam
586 2103 638 2145 me
659 2102 755 2166 quam
771 2083 921 2165 parvulos
936 2084 1016 2166 ejus
1032 2084 1088 2167 qui
1102 2105 1229 2148 mecum

280 2196 366 2264 suut,
380 2185 563 2251 consolatus
578 2194 627 2246 est
641 2183 674 2245 in
690 2183 778 2245 omni
798 2183 1002 2248 tribulatione
1021 2196 1137 2248 nostra.
1182 2186 1230 2249 Ut

277 2284 775 2353 autemboeonobisconsolatrix
785 2283 886 2366 gratia
893 2286 1031 2368 propitia
1040 2296 1232 2370 perseveret,

277 2389 391 2454 restris
404 2396 437 2450 et
450 2395 629 2450 sanctorum
645 2383 792 2449 desidero
806 2386 957 2470 precibus
970 2385 1120 2471 adjuvari.
1144 2387 1229 2450 Can·

277 2489 448 2555 tuarieusis
460 2508 536 2551 roro
551 2486 825 2571 archiepiscopus,
840 2489 907 2571 qui,
923 2491 1010 2553 velut
1023 2491 1102 2552 alter
1119 2491 1230 2568 Jonas,

276 2601 317 2656 ut
329 2589 482 2656 Ecclesia
499 2588 663 2666 liberetur,
677 2602 889 2674 spontaneum
904 2611 948 2653 ex
962 2590 1091 2655 caritate
1105 2591 1230 2655 naufra-

279 2694 368 2775 gium
387 2692 480 2757 feeit:
504 2691 649 2773 gratiam,
666 2712 763 2775 quam
782 2690 869 2775 apud
884 2712 958 2755 suos
976 2702 1143 2767 memerat,
1157 2692 1228 2754 Do-

278 2794 369 2858 mino
394 2793 532 2859 ducente
553 2791 640 2876 apud
661 2801 834 2855 extraneos
855 2792 1005 2876 repperit,
1031 2803 1064 2855 et
1088 2793 1225 2855 filiorum

279 2905 434 2980 expertus
448 2893 663 2968 devotionem,
677 2892 847 2978 stipendiis
861 2893 928 2955 suis
941 2894 1100 2957 Ecclesia
1115 2894 1229 2957 militat

279 2995 478 3076 anglicanae.
523 2993 747 3078 Noreritisque
761 3013 821 3077 pro
837 3005 934 3071 certo,
949 2994 1025 3077 quia
1038 3015 1096 3078 per
1109 2994 1228 3059 miseri·

278 3092 421 3157 cordiam
448 3090 510 3154 Dei
540 3091 573 3153 iu
600 3088 689 3154 brevi
715 3102 862 3175 patenter
885 3092 1046 3174 ridebitis,
1068 3093 1156 3178 quod
1181 3092 1229 3175 (ut

279 3193 393 3272 credo)
409 3188 566 3255 desiderat
588 3191 695 3253 anima
710 3204 824 3271 vestra,
838 3207 1084 3279 persequutores
1106 3196 1230 3266 scilicet

277 3295 424 3360 ecclesiia
446 3302 500 3356 aut
522 3291 661 3354 converti
683 3302 738 3353 aut
759 3295 890 3356 conteri.
936 3297 1000 3359 Sed
1016 3307 1142 3372 cetera,
1159 3318 1230 3382 que

278 3393 319 3459 ud
335 3394 420 3460 huuc
433 3392 601 3457 articulum
616 3391 786 3475 pertinent,
796 3413 928 3458 necesse
942 3396 1046 3459 habeo
1057 3398 1229 3480 praeterire,

279 3516 319 3560 uo
337 3495 558 3581 prevaricator
572 3478 763 3557 obedientie
783 3495 957 3578 publicem,
973 3497 1091 3580 quibus
1105 3498 1229 3580 pactio

278 3597 415 3662 uibuset
426 3592 629 3662 eairtiouibus
639 3598 770 3659 obtenta
780 3607 865 3670 sunt,
876 3618 949 3681 quae
960 3598 993 3661 in
1005 3597 1228 3681 prejudicium

278 3697 403 3763 ‹lriruiui
426 3697 670 3763 cantuariensis
690 3708 723 3763 et
744 3718 873 3762 suorum
888 3720 907 3763 a
922 3698 1052 3764 domiuo
1074 3722 1160 3786 papa
1180 3704 1229 3766 in-

279 3799 368 3864 dulta
379 3821 448 3863 cmo
457 3798 618 3884 jactitant,
628 3799 684 3885 qui
696 3800 878 3865 Ecclesiam
889 3816 1130 3887 persequuntur.
1153 3805 1229 3867 Hoc

279 3911 384 3967 uutcuu
400 3900 533 3965 licentur
546 3901 680 3984 eloquor
693 3911 846 3965 utrarum
861 3914 921 3980 est,
931 3904 1007 3987 quia
1021 3905 1048 3965 si
1063 3904 1228 3987 pactiones

281 4001 396 4067 t'uuriut
425 3999 619 4084 adiiupletro,
647 4002 813 4082 negotium
849 4003 1089 4067 cantuariensis
1124 4004 1228 4066 archi-

278 4102 424 4187 episcopi
439 4114 469 4166 ct
484 4099 582 4165 tutius
604 4099 764 4165 Ecclesia
782 4100 986 4167 commodius
1005 4102 1070 4182 gari
1091 4123 1154 4165 non
1169 4124 1227 4186 po-

278 4216 344 4265 tuit.
