3034 5200
269 711 377 791 noa]
650 727 828 773 saissonis.
1160 713 1223 772 207

265 882 379 943 suam?
402 877 483 952 Quis
494 899 513 940 a
524 876 620 941 domo
631 876 700 960 ejus
715 887 837 940 avertet
848 875 993 958 gladium
1005 873 1148 950 Domini,
1163 875 1222 961 qui

263 991 409 1064 potentes
431 977 592 1063 potentius
614 974 718 1061 punit,
745 988 874 1062 torquet
896 991 928 1041 et
944 975 1050 1042 aufert
1072 975 1219 1061 spiritum

267 1081 474 1167 principum?

307 1186 392 1247 Ecce
421 1203 494 1244 cum
519 1179 701 1245 Teutonico
723 1190 861 1264 tyranno
882 1177 962 1263 quid
977 1177 1089 1264 egerit,
1112 1199 1219 1265 quem,

267 1283 350 1347 sicut
365 1282 451 1347 fama
465 1281 595 1367 publica
610 1292 669 1354 est,
685 1278 772 1366 apud
789 1301 856 1356 nos,
872 1278 960 1344 velut
980 1278 1067 1343 illam
1083 1291 1222 1343 statuam

266 1406 363 1468 quarn
381 1381 678 1447 Nabuchodonosor
699 1380 782 1445 vidit
795 1380 828 1443 in
849 1380 977 1461 somnis,
991 1379 1135 1466 podagra
1148 1401 1222 1465 per·

266 1484 364 1548 cussit
381 1483 412 1546 in
431 1482 577 1569 pedibus,
594 1495 630 1547 ut
645 1481 791 1546 incedere
805 1497 942 1567 nequeat
952 1481 1012 1546 nisi
1027 1484 1219 1566 stipatorum

268 1584 389 1649 auxilio
413 1585 574 1649 fulciatur.
618 1588 664 1649 Et
686 1581 817 1668 quidem
844 1604 916 1668 spes
938 1595 997 1662 est,
1019 1595 1057 1646 ut
1079 1581 1112 1645 in
1134 1580 1224 1644 bravi

267 1697 376 1770 pateat
396 1685 496 1749 rninae
520 1706 655 1768 maguae,
677 1683 872 1769 Christoque
896 1705 992 1768 quem
1016 1682 1051 1747 in
1073 1681 1224 1746 membris

266 1785 483 1871 persequitur,
498 1784 576 1848 dum
592 1783 771 1848 libertatem
781 1783 921 1848 ecclesiae
937 1783 1123 1849 subvertere
1137 1805 1225 1868 quar-

269 1887 322 1966 rit,
337 1886 488 1950 concedat
503 1885 636 1969 gloriam
652 1884 704 1948 vel
718 1883 850 1951 invitus.

313 1989 381 2052 Iter
391 2003 499 2052 autem
514 1984 841 2072 Hierosolymitanum
854 1987 939 2072 quod
951 2009 970 2049 a
980 1985 1109 2071 regibus
1120 1984 1226 2070 dispo-

268 2090 365 2154 situm
387 2101 448 2166 est,
470 2087 549 2174 quid
572 2085 726 2172 proderit,
752 2085 780 2149 si
803 2109 867 2150 non
889 2100 964 2153 ante
982 2109 1047 2172 pax
1070 2085 1225 2150 reddatur

267 2189 429 2254 ecclesiae?
458 2189 540 2252 Nam
556 2210 656 2274 quum
672 2200 768 2252 aetate
782 2200 890 2253 nostra
904 2187 1034 2251 maximi
1049 2199 1081 2251 et
1096 2184 1224 2272 plurimi

267 2291 427 2377 principes
450 2290 583 2354 similem
606 2289 893 2375 peregrinationem
916 2289 1050 2354 fuissent
1073 2286 1225 2374 aggressi,

268 2394 314 2457 rei
330 2391 523 2456 miserrimus
544 2405 576 2454 et
598 2389 737 2455 ecclesiae
759 2389 917 2455 dolendus
938 2404 1073 2456 eventus
1094 2389 1223 2454 edocuit

268 2492 308 2557 de
323 2492 442 2577 rapinis
457 2504 489 2555 et
505 2490 628 2576 injuriis
642 2490 750 2555 oblata
772 2513 906 2557 munera
925 2496 996 2557 Deo
1010 2514 1073 2556 non
1088 2491 1225 2576 placere,

268 2594 345 2662 dum
373 2594 495 2680 ingrati
518 2592 609 2658 labor
637 2592 783 2679 obsequii
812 2617 943 2681 prorsus
968 2592 1001 2658 in
1027 2592 1221 2659 contrarium

267 2696 435 2784 proposito
449 2693 541 2759 cessit
556 2707 716 2760 eventum.
756 2695 813 2759 Sui
828 2694 1098 2761 inconsolabiliter
1110 2697 1224 2778 lugent

269 2798 413 2863 similiter
441 2796 640 2862 incedentem
669 2809 701 2862 et
730 2796 904 2881 patientem
933 2796 1048 2862 similia
1076 2796 1224 2860 comitem

269 2899 510 2976 Nivemensem,
522 2920 616 2984 quem
633 2921 695 2962 non
709 2898 904 2964 Parthorum
914 2898 1036 2986 jacula,
1047 2919 1110 2961 non
1127 2898 1223 2983 Syro·

268 3022 339 3064 rum
365 3000 474 3083 gladii,
498 3013 534 3065 ut
560 3021 617 3064 nec
640 2998 778 3084 gloriosa
799 3022 883 3064 mors
905 2999 965 3063 viri
986 2999 1080 3065 fortis
1100 2998 1222 3085 aliquid

268 3101 491 3167 consolationis
511 3101 655 3165 afferret:
679 3101 734 3165 sed
754 3102 928 3187 lachrymae
941 3100 1124 3180 viduarum,
1145 3123 1225 3187 pau-

270 3224 382 3288 perum
404 3201 555 3286 gemitus,
577 3202 779 3265 ecclesiarum
806 3203 954 3289 querelae,
977 3203 1153 3269 creduntur
1174 3203 1223 3267 iu·

268 3300 406 3386 glorium
423 3300 605 3365 extinxisse.
651 3300 743 3365 Licet
763 3313 871 3367 autem
893 3301 981 3368 sitin
996 3302 1091 3367 finem
1106 3302 1223 3366 biennii

267 3416 450 3467 memoratae
468 3402 672 3488 profectionis
694 3402 794 3468 dilata
808 3404 995 3471 necessitas:
1019 3404 1166 3470 tamensi
1182 3403 1223 3467 ad

268 3501 419 3568 honorem
442 3504 505 3568 Dei
528 3517 560 3568 et
584 3503 832 3588 demigrantium
855 3504 989 3569 salutem
1011 3504 1153 3568 inchoari
1168 3505 1223 3567 de-

268 3603 322 3669 bet
345 3619 400 3671 aut
423 3606 544 3692 peragi,
567 3618 694 3691 tempus
716 3605 813 3670 breve
837 3618 895 3669 est.
948 3606 1031 3668 Nam
1052 3603 1222 3689 proverbio

269 3706 465 3772 Francorum
496 3708 558 3772 dici
589 3706 686 3772 solet:
724 3709 832 3772 Stulto
866 3704 1042 3770 dormiente
1071 3708 1224 3769 terminus

269 3806 434 3870 creditoris
454 3807 616 3871 accelerat.
661 3808 790 3871 Dormit
813 3804 945 3881 stultus,
961 3803 1016 3868 sed
1040 3827 1146 3869 usurae
1160 3828 1222 3870 non

271 3904 444 3969 dormiunt.

314 4003 377 4066 Sed
398 4001 477 4088 quid
499 4015 547 4067 est
567 4000 656 4089 quod
671 4024 727 4067 vos
749 4006 782 4068 in
802 4002 862 4067 hac
883 4016 974 4089 parte
997 4002 1144 4080 sollicito,
1164 4005 1221 4089 qui

270 4102 482 4168 indesinenter
495 4118 527 4169 et
543 4128 640 4192 supra
652 4106 733 4169 vires
745 4105 826 4168 hanc
838 4104 1082 4170 sollicitudinem
1094 4106 1221 4190 geritis:

272 4205 331 4269 nisi
346 4206 433 4290 quod
449 4206 513 4270 scio
528 4229 584 4271 vos
604 4207 738 4272 multam
756 4206 798 4271 ad
819 4219 943 4272 tantum
966 4207 1141 4293 principem
1157 4222 1221 4274 tam

272 4306 390 4371 bonum
415 4306 577 4373 dominum
602 4309 717 4374 habere
737 4310 913 4389 caritatem,
938 4325 974 4375 ut
997 4310 1131 4375 salutem
1153 4313 1222 4398 ejus
