3034 5200
274 732 382 810 lisa]
660 745 839 791 nersrotu.
1163 730 1223 788 129

270 902 411 964 fortassis
434 898 585 963 dilatione
609 921 672 983 qua
694 898 875 961 necessaria
901 905 1030 980 quaerat,
1053 910 1085 960 et
1111 895 1222 959 domui

268 1025 333 1064 suae
350 1003 517 1086 disponere
529 1003 647 1085 possit:
672 1001 805 1064 fortasse
818 1001 877 1062 sub
894 1021 932 1062 eo
944 1009 1101 1082 praetextu
1114 999 1222 1079 colligi
1265 983 1268 991 ¹

266 1116 427 1186 poterunt,
442 1126 513 1188 quae
530 1105 602 1166 Deo
618 1104 736 1185 gratius
753 1111 934 1182 erogentur.
976 1103 1014 1163 In
1030 1102 1132 1184 ipsius
1147 1121 1221 1163 vero

267 1207 436 1288 legationis
459 1204 660 1287 susceptione
684 1204 791 1266 omnia
812 1223 916 1265 causae
940 1203 1016 1266 vitia
1033 1212 1065 1265 et
1086 1202 1221 1286 impedi·

265 1317 373 1370 menta
387 1306 593 1390 protestanda
608 1317 692 1379 sunt,
709 1315 744 1368 ut
759 1315 790 1367 et
805 1303 1003 1367 conscientia
1017 1314 1157 1366 serretur
1172 1305 1221 1366 in-

265 1408 400 1482 demnis
416 1421 448 1469 et
463 1418 498 1470 ut
512 1427 636 1471 amarus
651 1406 759 1468 exitus
780 1412 892 1486 postea
907 1425 969 1466 non
987 1403 1103 1466 debeat
1117 1404 1220 1488 impu-

268 1509 333 1569 tari.
365 1508 523 1588 Exigetur
538 1507 615 1568 sorte
628 1504 668 1567 de
684 1504 843 1568 mandatis
859 1503 1042 1585 diligentius
1057 1524 1220 1586 exequen-

268 1607 318 1670 dis
332 1608 409 1670 novi
425 1609 529 1671 cautio
545 1607 735 1691 juramenti:
768 1604 905 1669 sednon
928 1605 1021 1668 video
1038 1628 1102 1688 quo
1125 1607 1221 1669 modo

267 1712 335 1772 sine
352 1709 558 1792 turpitudinis
572 1718 647 1771 nota
661 1718 836 1791 prestetur.
883 1709 975 1771 Nihil
990 1719 1094 1771 autem
1110 1709 1220 1772 utilius

269 1835 338 1875 csse
355 1812 508 1876 dilatione
524 1811 619 1876 credo
635 1811 661 1873 si
673 1820 779 1893 potest
793 1811 972 1892 impetrari:
1003 1811 1078 1895 quia
1093 1822 1220 1873 auctore

268 1916 409 1978 Domino
432 1915 557 1977 interim
582 1923 636 1976 aut
657 1933 722 1994 pax
743 1912 973 1987 reformabitur,
997 1926 1052 1976 aut
1073 1912 1221 1975 dominus

265 2038 359 2100 papa,
372 2018 422 2079 vel
437 2016 615 2079 cardinales
630 2013 692 2076 alio
703 2012 880 2096 procedent
895 2014 1040 2088 consilio,
1053 2025 1108 2077 aut
1122 2013 1220 2076 totius

264 2119 385 2199 negotii
399 2120 530 2182 formam
547 2127 691 2201 oporteat
706 2117 876 2179 immutari.
907 2117 1038 2179 Utinam
1054 2116 1136 2178 veris
1150 2137 1220 2198 gra·

266 2220 352 2284 viora
367 2222 431 2284 sint
445 2222 588 2304 pericula
603 2241 675 2301 quae
691 2218 850 2290 timentur,
867 2226 900 2280 et
922 2218 1102 2283 sollicitudo
1118 2219 1220 2281 varios

268 2322 397 2384 timores
409 2322 579 2384 incusserit
596 2320 721 2383 amanti.
765 2320 799 2382 Si
816 2319 1024 2382 Cicestrensis
1039 2334 1071 2384 et
1094 2320 1221 2402 Wigor·

268 2420 372 2484 nensis
382 2444 510 2505 operam
522 2421 669 2485 dederint
679 2432 709 2484 et
719 2421 926 2503 diligentiam,
938 2423 1025 2504 quod
1040 2435 1074 2486 ut
1089 2423 1221 2486 arbitror

268 2534 428 2607 poterunt,
453 2524 615 2606 quomodo
638 2534 711 2585 tuus
731 2523 929 2587 Exoniensis
948 2526 1146 2609 expediatur,
1168 2548 1220 2589 ru·

266 2626 407 2689 moribus
433 2626 539 2688 minus
566 2625 701 2687 credam.
748 2624 902 2706 Alioquin
932 2638 1138 2709 praesumetur
1163 2649 1220 2690 eos

266 2729 464 2791 machinatos
495 2749 564 2791 esse
593 2726 773 2810 periculum
805 2726 907 2789 sratris
938 2728 1025 2811 quod
1060 2729 1220 2792 noluerint

264 2829 429 2912 impedire.
475 2830 549 2891 Hoc
575 2840 679 2892 autem
707 2838 826 2891 certum
853 2828 984 2906 habeas,
1007 2829 1092 2912 quod
1116 2830 1218 2893 archi-

264 2932 435 3013 episcopus
446 2942 529 2994 ratas
539 2951 604 2993 non
616 2931 712 2992 habet
724 2929 940 2992 absolutiones
951 2930 1106 3012 quasdam
1117 2933 1218 2995 factas

267 3029 529 3092 acardinalibus:
554 3029 656 3091 ethoc
669 3030 776 3110 ipsum
786 3027 978 3107 significavit
988 3030 1048 3093 eis:
1074 3031 1220 3096 deferens

265 3143 372 3193 tamen
399 3130 585 3211 apostolicae
611 3129 680 3192 sedi
705 3129 808 3191 noluit
834 3150 890 3192 eos
914 3151 1046 3213 arguere
1072 3134 1218 3217 publice:

265 3231 440 3315 praesertim
464 3251 560 3313 quum
586 3231 772 3314 promittant
797 3253 831 3295 se
858 3232 1002 3296 celeriter
1025 3247 1218 3299 correcturos

267 3332 353 3416 quod
370 3332 578 3394 circumventi
593 3333 835 3416 praesumpsisse
849 3345 1034 3398 noscuntur.
1072 3337 1217 3419 Rogare·

264 3446 337 3498 runt
353 3434 531 3497 cardinales
547 3433 827 3520 archiepiscopum
837 3456 880 3498 ne
892 3437 1150 3501 Londoniensem
1166 3440 1217 3501 vel

266 3536 345 3598 alios
368 3535 575 3599 denunciarct
599 3538 907 3614 excommunicatos,
930 3536 1006 3600 dum
1029 3558 1103 3619 spes
1126 3538 1217 3619 pacis

267 3649 359 3716 esset,
375 3637 490 3720 etipsa
507 3646 581 3701 tunc
599 3638 770 3721 adquievit.
