3034 5200
327 741 436 815 1176.]
708 757 886 802 aristone.
1213 739 1276 796 293

318 995 537 1059 EPISTOLA
576 995 858 1059 cccxxx-an
893 1010 1082 1055 catarnaum
1109 1006 1268 1054 uncanuu

431 1114 721 1160 acclamaturus.
739 1113 893 1158 nannum.
942 1095 987 1174 [n.
1000 1113 1031 1155 u.
1052 1091 1158 1169 1176.]

315 1254 469 1334 Jounrres,
485 1257 599 1319 divine
613 1256 802 1336 dignatione
822 1263 851 1316 et
867 1255 989 1316 meritis
1005 1253 1110 1314 sancti
1125 1251 1266 1318 Thorace,

358 1354 570 1418 carnotenus
598 1356 730 1418 ecclesio
766 1356 916 1416 minister
944 1352 1084 1422 humilis,
1116 1349 1266 1426 Philippo

355 1456 476 1518 decano
497 1457 580 1519 beati
602 1457 746 1518 Martini
769 1457 887 1535 totique
904 1455 1046 1534 capitulo
1067 1453 1103 1512 in
1126 1450 1265 1511 Domino

352 1559 497 1622 salutem.

355 1695 639 1765 Uulvnxsmarnn
664 1710 800 1763 vestram
830 1699 976 1782 ignorare
1002 1717 1066 1759 non
1101 1690 1259 1756 credimus

308 1798 393 1883 quod
404 1802 660 1880 controversiam,
670 1824 744 1890 quae
755 1802 840 1865 inter
850 1800 995 1864 homines
1004 1798 1044 1862 de
1056 1797 1167 1861 Castro
1177 1814 1259 1856 novo

307 1901 392 1966 beati
407 1903 540 1968 Martini
561 1916 594 1968 et
611 1904 652 1967 R.
670 1905 811 1968 nobilem
832 1903 975 1968 ecclesiae
996 1912 1108 1967 vestrae
1130 1897 1256 1960 thesau-

307 2004 424 2069 rarium
440 2007 574 2071 vertitur
588 2029 683 2093 super
699 2007 890 2092 quibusdam
909 2002 1100 2090 juramentis
1116 2000 1165 2065 vel
1181 1997 1256 2061 fidei

304 2107 506 2190 praestatione
522 2131 618 2196 quam
635 2109 759 2173 occulte
782 2109 866 2173 inter
886 2131 919 2172 se
940 2106 1089 2171 dicuntur
1110 2100 1254 2188 praedicti

301 2207 447 2274 homiues
470 2210 652 2295 praestitisse
678 2211 710 2275 iu
737 2211 971 2296 depressionem
989 2208 1070 2292 juris
1093 2203 1254 2290 praedictae

302 2310 456 2388 ecclesiae,
481 2312 627 2377 dominus
649 2336 732 2398 papa
754 2314 846 2377 nobis
870 2311 1028 2376 commisit
1051 2306 1254 2384 audiendam,

302 2423 344 2488 et,
361 2413 448 2477 omui
464 2415 712 2479 contradictione
735 2428 769 2480 et
783 2416 995 2502 appellatione
1018 2421 1171 2489 cessante,
1186 2408 1250 2469 fine

300 2516 408 2582 debito
423 2519 667 2584 terminandam.
706 2525 774 2586 Nos
789 2527 896 2607 itaque
912 2518 1087 2583 secundum
1104 2512 1250 2598 apostoli-

299 2642 372 2685 cum
391 2622 577 2687 mandatum
601 2635 634 2687 et
649 2624 689 2687 de
712 2623 843 2689 consilio
867 2624 1005 2687 virorum
1031 2618 1249 2703 religiosorum

298 2732 331 2785 et
350 2723 556 2809 prudentium
578 2724 795 2812 procedentes,
812 2737 845 2790 et
867 2721 1096 2790 sufficientibus
1114 2718 1248 2784 testibus

295 2824 382 2888 omni
404 2828 591 2914 exceptione
614 2828 787 2913 majoribus
809 2829 854 2892 rei
870 2827 996 2911 cognita
1017 2823 1160 2897 veritate,
1176 2842 1248 2883 sen·

293 2927 425 2994 tentiam
439 2930 775 2995 excommunicationis
785 2931 818 2994 in
830 2930 998 3016 praedictos
1009 2925 1164 3000 homines,
1175 2936 1244 2987 tum

291 3041 421 3114 propter
434 3054 542 3097 eorum
559 3032 759 3097 manifestam
773 3032 1015 3106 contumaciam,
1031 3042 1100 3094 tum
1116 3039 1245 3113 propter

290 3131 453 3215 praedictee
475 3135 699 3219 conjurationis
721 3136 887 3221 probatam
910 3134 1043 3199 testibus
1064 3131 1241 3210 infamiam,

289 3235 476 3300 auctoritate
491 3236 661 3322 apostolica
682 3261 745 3325 qua
759 3239 923 3323 fungimur
941 3239 974 3301 iu
989 3237 1049 3301 hac
1064 3248 1153 3322 parte
1169 3259 1241 3322 pro-

288 3335 420 3401 tulimus
428 3362 437 3414 ;
474 3339 544 3403 illos
573 3362 647 3403 vero
676 3363 755 3426 quos
784 3342 964 3406 audivimus
988 3364 1055 3405 esse
1082 3339 1241 3426 principes

286 3435 431 3502 factionis
446 3439 634 3503 nominatim
651 3442 778 3506 vinculo
797 3445 1132 3510 excommunicationis
1147 3447 1238 3510 inno·

284 3536 448 3616 davimus3
478 3538 511 3601 in
535 3541 672 3630 reliquos
688 3566 762 3608 vero
785 3567 905 3626 omnes,
920 3548 976 3632 qui
998 3566 1072 3613 sunt
1091 3553 1234 3633 ejusdem

284 3640 509 3723 conjurationis
524 3644 704 3729 complices,
716 3667 779 3708 non
796 3668 836 3710 ex
851 3648 990 3722 nomine,
1003 3649 1059 3713 sed
1074 3650 1106 3712 in
1122 3674 1234 3723 omnes

282 3743 469 3809 sententiam
486 3748 821 3813 excommunicationis
835 3749 1025 3834 protulimus
1039 3756 1231 3835 generalem.

284 3842 381 3907 Vobis
403 3844 511 3931 itaque
533 3869 643 3911 eorum
666 3850 796 3914 nomina
818 3850 873 3936 qui
894 3852 1082 3918 nominatim
1105 3879 1231 3923 excom-

280 3946 433 4011 municati
448 3958 522 4012 sunt
544 3948 642 4013 literis
664 3952 779 4015 nostris
801 3975 947 4038 expressa
970 3958 1231 4033 transmittimus:

282 4046 478 4131 Reginaldus
492 4051 662 4130 Meschini,
676 4054 790 4120 Petrus
801 4056 841 4119 de
853 4056 1065 4136 Montebruis,
1079 4061 1229 4132 Nicolaus

278 4148 1227 4242 Engelardi,PetrusAuberti,PaganusGastinelli‚Joannes

277 4250 470 4335 Ermerardi,
495 4254 652 4321 Radullus
674 4258 714 4321 de
739 4258 878 4337 Fulchis,
897 4261 1054 4327 Radullus
1077 4263 1222 4345 Thomae,

278 4353 352 4417 Gilo
379 4356 539 4436 Balduini,
568 4362 681 4424 Petrus
713 4362 847 4441 Aimeri,
876 4363 951 4429 Gilo
977 4364 1123 4444 Thomee,
1151 4367 1225 4434 Gilo
