3034 5200
284 721 393 800 1162]
633 750 635 754 ·
666 739 845 785 mrsronn.
1194 731 1235 788 to

280 891 367 975 pavit
381 891 414 953 in
435 891 685 975 persequutione
700 891 845 955 Jezaoel.
890 891 1053 976 Quicquid
1069 904 1176 956 autem
1199 895 1233 956 in

280 993 427 1056 alterutra
437 1003 524 1075 purte
536 993 689 1068 feceritis,
698 990 913 1074 proculdubio
924 1012 1104 1056 mensuram
1113 995 1231 1057 bonam

282 1101 314 1155 et
323 1092 603 1175 supereffluentem
614 1093 646 1154 in
657 1092 747 1155 sinus
757 1103 876 1156 vestros
885 1092 1032 1158 refundet
1041 1094 1233 1157 Altissimus.

281 1193 394 1276 Neque
408 1193 472 1256 hoc
488 1193 541 1256 ille
556 1192 712 1276 impediet
727 1204 832 1256 vester
851 1194 976 1276 collega
990 1194 1231 1271 Bathoniensis,

281 1293 336 1376 qui
351 1293 474 1356 utinam
493 1295 713 1376 submergatur
726 1294 760 1357 in
775 1294 888 1358 turmis
910 1295 1029 1378 quibus
1044 1293 1160 1376 dignus
1175 1306 1234 1371 est,

283 1415 362 1476 quas
383 1393 510 1470 meruit,
524 1407 560 1456 ut
579 1393 772 1478 conjiciatur
793 1394 826 1456 in
848 1394 1041 1468 rutefolium,
1057 1394 1150 1479 cujus
1171 1395 1232 1458 Pe-

281 1494 403 1557 tronius
421 1494 453 1555 in
475 1514 607 1576 poenam
628 1494 883 1577 delinquentium
903 1497 1060 1573 meminit,
1074 1507 1130 1560 aut
1144 1517 1235 1578 sepe·

282 1595 379 1658 liatur
392 1596 428 1657 in
442 1594 592 1657 salinario
604 1593 802 1658 Heduorum.
833 1597 881 1659 Ut
895 1595 937 1659 ad
952 1597 1137 1680 parabolam
1149 1606 1235 1658 tuam

284 1694 424 1772 redeam,
438 1695 522 1758 scias
537 1696 612 1779 quia
625 1696 755 1760 uomina
774 1697 927 1760 librorum
942 1698 1029 1780 apud
1042 1719 1095 1760 me
1110 1697 1237 1780 sepulta

286 1805 372 1860 sunt.
416 1795 562 1877 Sigillum
585 1797 716 1880 quidem
729 1799 860 1861 nomine
876 1811 931 1861 tuo
947 1799 1064 1882 recepi,
1080 1798 1139 1862 sed
1153 1796 1234 1860 illud

282 1898 362 1959 mihi
378 1907 450 1960 tuus
464 1897 596 1961 abstulit
617 1899 825 1972 Britouellus,
841 1898 928 1983 quod
949 1921 992 1963 ex
1012 1898 1163 1964 condicto
1179 1909 1235 1962 tuo

280 1998 396 2061 factum
412 1999 613 2083 suspicabor,
628 1999 691 2062 uisi
706 2001 851 2064 ablatum
865 2000 1048 2064 restitueris.

363 2349 585 2414 EPISTOLA
608 2349 817 2415 OCVL-an
830 2368 862 2413 o.
879 2369 922 2413 na
939 2368 1148 2413 ravanam.

651 2450 695 2533 [s.
707 2470 740 2514 n.
757 2450 869 2529 lita]

534 2632 569 2693 0.
586 2632 626 2694 de
641 2630 876 2694 Funereualtem
890 2632 979 2694 midi.

320 2795 477 2855 Aunurrs
500 2804 559 2869 est,
576 2814 643 2856 non
665 2792 803 2855 amantis
823 2812 859 2854 se
881 2802 914 2854 et
930 2813 988 2855 sua
1010 2814 1121 2857 curare
1144 2792 1235 2856 dum·

282 2904 379 2970 taxat,
396 2902 429 2955 et
444 2915 515 2976 qnae
536 2894 670 2956 aliorum
685 2902 760 2956 sunt
780 2891 898 2954 ducere
913 2892 1035 2956 alienat
1061 2892 1236 2955 humanum

282 3004 361 3057 teste
383 2995 509 3057 comico
530 2995 613 3057 nihil
635 2993 752 3057 caritas
774 3014 843 3056 ase
866 3004 993 3076 reputat
1014 2994 1164 3070 alienum,
1180 2994 1236 3057 sed

278 3114 336 3175 per
351 3094 655 3173 congratulationem
672 3104 757 3157 recte
780 3092 993 3173 gaudentibus
1013 3094 1114 3172 adest,
1129 3105 1161 3157 et
1180 3115 1237 3178 per

284 3193 542 3276 compassionem
566 3192 748 3256 dolentibus
770 3194 991 3276 congemiscit.
1030 3196 1113 3259 Suos
1126 3205 1235 3259 tamen

281 3294 468 3357 affectiones
498 3292 732 3358 ordinatissima
756 3295 878 3358 ratione
908 3294 1082 3378 dispensat,
1109 3305 1145 3358 ut
1173 3296 1237 3358 sint

281 3415 391 3458 omues
414 3394 447 3455 in
464 3394 616 3466 Domino,
631 3405 664 3458 et
684 3395 892 3458 humanitatis
915 3395 1020 3458 officia
1039 3395 1074 3457 in
1093 3396 1237 3477 singulos

276 3496 346 3577 lege
371 3505 493 3558 naturae
516 3504 548 3559 et
568 3495 687 3577 gratias
708 3493 909 3558 informantis
929 3493 1032 3575 magis
1054 3496 1237 3558 autminus

279 3607 417 3659 exercet.
455 3598 501 3658 Et
515 3617 616 3679 quum
630 3594 790 3659 beneficia
805 3595 914 3675 gratiae
929 3594 1051 3657 latioris
1066 3593 1108 3657 ad
1123 3616 1236 3657 omues

279 3698 429 3779 porrigat,
440 3697 580 3760 maxime
596 3707 701 3759 tamen
718 3695 869 3758 dilatatur
881 3695 923 3758 ad
939 3692 1134 3758 domesticos
1149 3692 1238 3772 fidei,

278 3807 309 3857 et
314 3794 443 3879 judicio
456 3794 483 3877 ej
489 3816 526 3857 us
537 3794 571 3856 in
582 3794 632 3856 his
641 3794 722 3876 ipsis
732 3793 788 3878 qui
797 3814 906 3856 curam
917 3813 1047 3856 suorum
1057 3803 1089 3856 et
1097 3795 1237 3857 maxime

280 3895 538 3972 domesticorum,
561 3915 645 3977 quos
667 3893 799 3957 affectui
821 3905 936 3956 natura
954 3893 1083 3977 ingerit,
1106 3904 1139 3957 et
1161 3892 1238 3957 fidei

280 3996 473 4058 consortium
488 3995 599 4079 pietati
614 3992 830 4070 commendat,
841 4014 949 4056 curam
965 4016 1029 4057 non
1046 3996 1121 4074 ugit,
1139 3992 1236 4053 fidem

280 4096 417 4175 negarit,
431 4104 464 4158 et
478 4107 527 4157 est
541 4092 664 4156 infideli
678 4091 824 4156 deterior.
854 4093 902 4156 Te
918 4104 1024 4155 autem
1040 4094 1074 4154 iu
1090 4092 1151 4151 hac
1167 4106 1237 4146 esse
1297 4166 1301 4174 ῃ

283 4196 436 4259 sententia
448 4196 580 4258 omnino
591 4214 655 4255 non
672 4193 813 4273 ambigo,
823 4203 859 4255 ut
871 4202 1054 4274 pronepote
1066 4200 1122 4251 tuo
1135 4181 1237 4291 Adam

287 4295 384 4371 (more
400 4294 617 4371 scholarium)
634 4293 769 4372 degente
793 4304 826 4353 et
844 4291 984 4372 patiente
1007 4300 1039 4350 et
1053 4290 1183 4363 regente
1205 4300 1239 4340 m
