3034 5200
287 744 394 824 ll7l.]
667 761 844 808 narsroan.
1176 749 1239 806 ‘265

290 933 360 974 nem
374 924 540 998 sequutus,
551 935 601 975 me
614 910 787 975 innodavit.
813 908 939 974 Deinde
950 932 988 973 ne
1000 932 1131 994 quoquo
1143 910 1238 974 modo

289 1011 368 1076 solvi
397 1026 513 1098 posset,
543 1012 744 1097 iniquitatem
775 1009 936 1095 iniquitati
971 1009 1134 1089 addentes,
1163 1010 1236 1074 hinc

288 1111 496 1177 maximorum
513 1116 654 1177 virorum
670 1111 794 1176 libellos
808 1123 876 1174 arte
892 1109 1060 1195 multiplici
1076 1109 1158 1175 sicut
1168 1112 1237 1197 jam

287 1235 305 1274 a
327 1212 473 1296 pluribus
489 1226 573 1277 retro
588 1213 677 1276 annis
692 1213 839 1275 instructi
855 1210 981 1275 fuerant
997 1213 1237 1296 conquirebant,
1250 1267 1255 1276 .

286 1313 360 1376 inde
390 1315 630 1399 peregrinorum
660 1326 691 1377 et
722 1316 777 1398 qui
807 1335 857 1377 me
886 1335 1061 1397 numquam
1093 1312 1236 1379 viderant

286 1414 525 1479 multitudinem
542 1415 770 1489 subornabant,
786 1427 822 1478 ut
846 1437 882 1476 ea
904 1436 978 1498 quae
1000 1436 1061 1476 non
1085 1430 1236 1481 noverant

286 1513 484 1591 mentientes,
514 1515 601 1601 apud
632 1537 792 1580 summum
829 1514 1013 1579 Pontificem
1050 1527 1081 1576 et
1116 1515 1235 1581 curiam

287 1616 463 1680 Romanam
484 1640 688 1702 quocumque
702 1616 798 1680 modo
813 1617 929 1680 famam
952 1629 1127 1680 onerarent.
1171 1618 1237 1682 Ab·

286 1740 356 1782 sens
370 1741 466 1794 eram,
482 1733 513 1783 et
537 1719 593 1805 qui
609 1743 647 1783 ex
671 1733 762 1804 parte
778 1743 847 1784 mea
861 1720 894 1782 in
910 1718 998 1781 curia
1021 1719 1113 1802 pauci
1138 1732 1236 1784 tantae

286 1818 485 1884 multitudini
515 1821 570 1884 vix
598 1821 741 1884 resistere
777 1831 937 1905 poterant,
968 1832 1032 1883 tam
1068 1820 1235 1906 exquisitis

282 1920 381 2002 pressi
404 1920 585 1997 mendaciis,
600 1921 736 1985 maxime
758 1943 860 2006 quum
883 1918 1015 2005 quidam
1031 1918 1098 1983 solo
1121 1921 1232 1985 habitu

256 2078 259 2083 .
283 2022 420 2108 religiosi
436 2023 579 2089 videntes
593 2023 664 2087 illos
678 2022 857 2108 prosperari
872 2023 905 2085 in
928 2021 1152 2106 iniquitatibus
1170 2024 1234 2090 suis

284 2147 355 2188 cum
372 2124 434 2192 illis
448 2131 629 2201 currebant,
646 2137 678 2189 et
700 2124 845 2209 neglecto
866 2124 928 2188 Dei
949 2127 1061 2188 timore
1084 2125 1124 2189 ad
1147 2150 1233 2190 ever·

282 2227 400 2290 sionem
421 2215 586 2313 dignitatis
608 2225 745 2291 ecclesiae
766 2231 894 2302 ubstrre,
912 2228 1077 2291 unacum·
1091 2229 1233 2294 meretri·

283 2327 373 2391 cibus
396 2332 461 2393 suis
488 2351 566 2415 quas
587 2350 691 2393 secum
718 2327 888 2402 duxerant,
911 2331 1024 2412 nequis
1046 2351 1140 2393 sexus
1162 2353 1233 2413 par-

283 2427 466 2512 sequutioni
488 2450 567 2491 meae
589 2430 720 2504 deesset,
736 2426 838 2491 multa
853 2427 1014 2492 dixerunt.
1062 2434 1108 2493 Hi
1123 2453 1233 2495 omnes

282 2527 313 2589 in
331 2532 667 2593 unum-convenientes
688 2542 923 2615 proposuerunt
938 2529 970 2592 in
994 2530 1145 2594 cordibus
1168 2528 1247 2596 suis'

281 2632 425 2713 gigantes
435 2631 563 2709 imitari,
572 2629 722 2716 parietem
734 2652 773 2693 ex
784 2629 928 2694 maximis
940 2631 1232 2716 quasiquibusdam

282 2728 441 2815 lapidibus
463 2743 495 2795 et
517 2731 627 2796 multis
650 2730 832 2806 mendaciis,
848 2730 931 2795 fictis
953 2729 993 2795 ad
1017 2744 1144 2816 tempus
1166 2756 1233 2797 sus-

281 2830 371 2915 piriis
386 2844 419 2895 et
442 2832 624 2915 gemitibus,
642 2855 703 2895 non
727 2831 827 2895 solum
843 2829 963 2910 domos,
980 2830 1034 2894 sed
1058 2844 1090 2894 et
1111 2832 1233 2917 plateas

280 2931 438 3017 replentes
467 2933 582 2998 diurno
612 2947 643 2998 et
678 2945 834 2996 nocturno
864 2930 1001 3008 ululatu,
1030 2933 1231 3020 eundemque

279 3035 382 3115 ipsum
401 3036 551 3118 parietem
572 3047 726 3118 tanquam
748 3033 887 3118 quodam
911 3032 1122 3097 indissolubili
1146 3036 1231 3100 bitu·

281 3136 376 3207 mine,
416 3138 477 3199 vim
519 3148 641 3199 naturae
678 3134 839 3211 facientes,
868 3132 1024 3197 simulatis
1061 3133 1231 3222 lachrymis

281 3233 443 3310 linierunt,
472 3248 633 3319 sperantes
664 3235 722 3297 hoc
753 3232 847 3296 modo
875 3232 991 3296 coelum
1021 3234 1169 3300 claudere
1198 3261 1231 3302 se

281 3357 384 3420 posse,
399 3348 430 3398 et
448 3338 611 3399 veritatem
626 3347 782 3422 perpetuo
796 3334 912 3397 carceri
933 3336 1097 3421 deputare.
1143 3339 1229 3413 Quid

278 3436 395 3520 plura?
436 3436 527 3500 Idem
550 3437 675 3503 Pharao
696 3436 834 3516 illorum,
857 3436 909 3499 ille
931 3437 1117 3521 spiritualis,
1137 3441 1230 3525 cujus

279 3537 338 3619 ipsi
354 3539 496 3603 membra
510 3551 595 3615 sunt,
611 3540 643 3602 in
661 3538 717 3604 tali
731 3537 878 3622 equitatu
898 3536 1042 3600 incedere
1057 3539 1229 3603 videbatur

280 3660 350 3702 cum
362 3661 488 3719 corona,
497 3652 529 3703 et
541 3638 740 3724 ego,miserae
746 3635 871 3722 cophini
886 3638 1031 3699 servituti
1043 3634 1229 3719 deputatus,

280 3739 484 3825 respiciebam
500 3740 540 3804 ad
556 3740 710 3805 auxilium
727 3738 903 3812 hominum,
919 3747 950 3798 et
966 3757 1027 3797 non
1044 3748 1129 3799 erat:
1161 3740 1228 3803 cuti

278 3841 362 3904 enim
377 3864 455 3905 meae
470 3841 665 3926 consumptis
686 3840 835 3903 carnibus
856 3859 892 3899 os
913 3857 1019 3899 meum
1042 3836 1228 3907 adhaeserat.

281 3942 401 4005 Levavi
424 3966 501 4027 ergo
522 3945 562 4006 ad
590 3942 706 4005 coelum
728 3941 847 4014 oculos,
870 3951 902 4002 et
928 3938 1074 4021 angustia
1099 3940 1228 4024 spiritus

280 4041 341 4103 mei
356 4041 396 4104 ad
421 4047 524 4106 Deum
549 4043 692 4120 clamavi,
708 4057 739 4106 et
761 4038 1031 4105 intercedentibus
1052 4042 1173 4104 meritis
1195 4055 1228 4107 et

279 4141 476 4206 orationibus
492 4146 603 4208 vestris
622 4142 788 4207 exaudivit
809 4164 859 4204 me
880 4162 940 4225 pro
962 4162 1019 4202 sua
1040 4144 1227 4223 reverentia,

280 4243 335 4325 qui
363 4240 474 4305 malleo
499 4242 649 4307 bonitatis
681 4266 748 4306 suae
777 4242 895 4305 innatae
924 4238 1079 4323 praedicto
1107 4245 1226 4325 pariete

279 4341 440 4407 confracto
466 4356 497 4408 et
523 4345 554 4407 in
578 4345 710 4408 nibilum
733 4344 871 4419 redacto,
894 4339 1094 4426 fugientibus
1119 4342 1225 4429 Baby·
