3034 5200
353 715 415 771 242
621 726 756 778 romnis
773 723 1052 769 saansaanrnnsm
1216 707 1261 786 [a.
1278 726 1308 769 o.

353 876 394 941 ad
409 886 517 941 votum
541 876 712 961 procedere
735 873 913 939 arbitrarer.
961 874 1165 938 Festinanter
1178 874 1254 939 indo
1269 875 1310 938 ad

352 991 488 1043 matrem
504 1001 607 1044 meam
624 977 740 1042 deflexi
756 977 826 1059 iter,
841 999 937 1063 quam
949 977 1019 1061 jam
1040 976 1141 1041 altero
1154 976 1309 1062 languen-

353 1094 419 1146 tem
440 1105 535 1162 anno‚
557 1094 590 1146 et
611 1081 727 1148 amodo
743 1082 813 1166 jam
836 1080 923 1144 diem
940 1079 1072 1144 Domini
1095 1103 1168 1145 cum
1191 1079 1308 1164 gaudio

353 1185 600 1270 praestolantem,
622 1207 661 1248 ex
685 1205 749 1270 quo
770 1206 823 1246 me
838 1183 927 1263 vidit,
943 1182 1053 1247 vestris
1073 1195 1105 1247 et
1126 1195 1307 1247 sanctorum

353 1286 469 1372 quibus
490 1286 678 1352 cohabitatis
700 1285 896 1350 orationibus
918 1308 1030 1371 precor
1051 1286 1202 1350 attentius
1224 1308 1309 1349 com-

353 1389 508 1455 mendari.
555 1389 736 1474 Receperat
756 1401 864 1453 autem
887 1411 1073 1474 responsum
1088 1411 1107 1453 a
1124 1387 1254 1474 Spiritu,
1274 1410 1308 1452 se

322 1554 326 1559 .
353 1506 489 1558 mortem
517 1517 580 1558 non
607 1493 755 1569 visuram,
783 1493 885 1557 donec
911 1515 964 1557 me
991 1505 1024 1557 et
1046 1493 1176 1558 fratrem
1199 1514 1308 1557 meum

355 1596 478 1661 videret
493 1599 534 1662 ab
550 1597 646 1662 exilio
662 1598 841 1661 redeuntes.
878 1584 880 1588 ’

399 1700 532 1764 Interim
549 1700 594 1764 illi
607 1711 729 1765 veteres
744 1699 839 1763 amici
854 1698 976 1764 domini
994 1700 1143 1766 Cantuar.
1160 1709 1194 1762 et
1207 1699 1311 1763 eccle·

353 1802 487 1866 siasticae
496 1802 651 1868 libertatis
661 1814 920 1888 propugnatores,
931 1802 1079 1867 dominus
1090 1802 1308 1877 Eboracensis,

353 1905 519 1991 episcopus
543 1906 721 1969 Londoniae
744 1918 778 1970 et
800 1906 970 1990 complices
995 1929 1117 1982 eorum,
1141 1906 1308 1970 consilium

352 2008 492 2071 inierunt
513 2031 586 2072 cum
607 2007 795 2092 publicanis,
813 2007 973 2090 legatione
996 2008 1178 2072 transmissa
1196 2008 1236 2071 ad
1252 2009 1309 2073 do·

352 2110 475 2172 minum
503 2131 623 2192 regem,
651 2132 691 2172 ne
717 2110 887 2193 praefatum
917 2111 1068 2175 Cantuar,
1092 2110 1125 2173 in
1155 2110 1307 2196 Angliam

353 2212 455 2274 redire
490 2223 662 2295 pateretur,
698 2223 870 2297 antequam
908 2211 1108 2275 renunciaret
1142 2212 1309 2297 legationis

353 2313 465 2397 officio,
483 2326 517 2378 et
538 2315 719 2379 restitueret
738 2315 769 2378 ei
792 2314 953 2380 universas
972 2315 1103 2395 litteras,
1124 2338 1202 2401 quas
1222 2339 1310 2380 eme·

353 2431 459 2483 ruerat
480 2419 522 2482 ab
544 2417 717 2504 apostolica
739 2417 827 2498 sede,
851 2429 885 2482 et
907 2418 1142 2504 repromitteret
1163 2441 1196 2483 se
1219 2419 1309 2503 regni

347 2524 422 2609 jura
434 2522 875 2601 inviolabiliterservaturum,
887 2535 923 2586 ut
935 2524 994 2587 sub
1007 2523 1141 2587 obtentu
1153 2522 1308 2587 cautionis

351 2624 445 2710 hujus
461 2625 500 2689 ad
516 2625 747 2689 observantiam
765 2625 1032 2689 consuetudinum
1048 2635 1212 2691 artaretur.
1248 2625 1309 2689 Di-

352 2730 469 2795 cebant
483 2728 569 2792 enim
585 2729 671 2815 quod
690 2728 811 2793 reditus
827 2729 896 2812 ejus
911 2727 1041 2792 domino
1056 2729 1123 2812 regi
1138 2729 1308 2793 damnosus

353 2843 386 2896 et
401 2833 569 2918 probrosus
584 2832 708 2896 futurus
726 2843 806 2909 erat,
822 2830 882 2895 nisi
898 2831 958 2895 ista
973 2832 1201 2916 praecederent.
1248 2832 1309 2896 Fe·

354 2920 463 3000 cerunt
488 2936 584 3000 etiam
615 2936 655 2998 da
684 2934 818 3018 singulis
841 2934 1028 2998 vacantibus
1053 2934 1194 2998 ecclesiis
1217 2958 1308 3000 senas

354 3038 478 3103 evocari
493 3059 652 3123 personas,
669 3037 701 3100 in
721 3060 799 3124 quas
815 3037 855 3101 de
878 3049 1003 3122 pastore
1019 3038 1167 3122 eligendo
1182 3038 1309 3102 univer·

354 3141 453 3205 sitatis
474 3141 603 3205 arbitria
624 3140 855 3220 conferrentur,
870 3156 906 3204 ut
927 3140 1099 3205 electiones
1114 3140 1155 3205 de
1175 3141 1308 3206 ecclesia

354 3243 386 3305 in
403 3242 489 3306 aliud
511 3266 645 3325 regnum
661 3256 694 3307 et
709 3245 863 3329 palatium
887 3254 1055 3329 protractae
1073 3244 1310 3309 celebrarentur

352 3343 393 3406 ad
418 3355 531 3405 nutum
563 3343 663 3425 regis:
700 3344 754 3407 ubi
787 3345 812 3407 si
845 3346 996 3410 Cantnar.
1028 3346 1069 3409 ob
1098 3348 1308 3410 reverentiam

353 3468 511 3509 canonum
534 3466 590 3529 pro
611 3444 703 3507 officii
726 3447 774 3508 sui
799 3446 909 3509 debito
931 3446 1166 3531 obloqueretur,
1190 3448 1309 3531 regiam

352 3549 528 3613 offenderet
555 3547 773 3632 majestatem:
805 3548 830 3610 si
858 3547 1050 3611 consentiret
1073 3569 1145 3611 reus
1170 3561 1252 3612 esset
1273 3551 1307 3614 in

353 3653 461 3717 Deum
474 3664 507 3716 et
519 3651 760 3716 convinceretur
775 3650 808 3713 in
825 3648 1066 3714 constitutiones
1081 3634 1308 3717 ecclesiasticas

352 3757 509 3823 incidisse.
558 3755 755 3841 Saepedictus
782 3766 889 3819 autem
915 3754 1063 3818 dominus
1091 3754 1242 3819 Cantuar.
1269 3776 1309 3817 ex

352 3860 503 3924 mandato
518 3858 639 3923 domini
662 3859 743 3943 regis
766 3857 1003 3941 Rothomagum
1020 3868 1160 3931 venerat,
1177 3855 1253 3919 inde
1268 3878 1308 3921 ex

351 3963 505 4050 promisso
516 3961 698 4025 liberandus
710 3961 750 4025 ab
767 3960 959 4045 obligatione
972 3960 1176 4035 creditorum,
1189 3970 1306 4024 etcum

350 4067 469 4131 honore
495 4064 528 4128 in
554 4064 689 4149 patriam
719 4063 939 4130 remittendus.
993 4064 1057 4127 Sed
1088 4063 1202 4127 fefellit
1231 4086 1306 4128 eum

342 4147 470 4255 opinio,
486 4168 610 4233 Joanne
626 4166 666 4230 de
688 4165 882 4231 Oxeneford.
898 4165 1050 4229 afferente
1066 4166 1174 4231 literas
1187 4166 1309 4231 domini

353 4273 445 4355 regis,
461 4272 576 4357 quibus
593 4270 723 4355 rogabat
738 4280 772 4332 et
786 4269 948 4345 monebat,
960 4281 994 4332 ut
1006 4268 1073 4333 sine
1088 4292 1178 4335 mora
1192 4270 1310 4334 rediret

352 4376 391 4437 ad
413 4374 578 4437 ecclesiam
602 4396 701 4449 suam,
719 4384 751 4435 et
772 4371 923 4436 antedicti
942 4372 1073 4436 Joannis
1093 4374 1252 4437 conductu
1275 4383 1308 4435 et
