3034 5200
286 715 395 794 noa]
671 729 846 774 arrsrona.
1176 711 1237 770 199

279 880 369 943 ribus
389 881 465 956 suis,
486 879 573 964 apud
598 878 805 954 vizeliacum,
826 877 881 963 qui
903 877 990 940 locus
1009 875 1234 940 celeberrimus

279 993 337 1060 est,
348 981 380 1044 in
392 977 1187 1066 insignidiemagnaesolennitatisexcommunicavit
1199 980 1232 1038 ?‘’

280 1083 363 1146 Rem
373 1084 495 1168 justam
510 1095 542 1146 et
555 1083 728 1147 modestam
742 1081 831 1144 visus
846 1093 893 1144 est
902 1079 1050 1143 omuibus
1059 1078 1231 1164 postulare,

280 1183 359 1248 adeo
385 1184 514 1270 quidem
539 1197 574 1249 ut
594 1183 658 1247 ilde
683 1182 796 1268 plenus
811 1182 968 1268 princeps,
992 1179 1232 1266 archiepiscopi,

280 1286 430 1372 episcopi,
446 1298 479 1349 et
495 1284 602 1369 magni
618 1284 674 1348 riri
695 1287 753 1369 qui
775 1283 918 1361 aderant,
933 1295 965 1346 et
979 1283 1040 1366 ipsi
1056 1282 1161 1346 nuncii
1177 1281 1234 1344 do-

281 1387 356 1450 mini
366 1409 471 1473 papae,
483 1385 718 1472 archiepiscopo
729 1382 909 1458 suaderent,
921 1397 957 1447 ut
969 1406 1002 1446 se
1016 1382 1057 1445 de
1068 1395 1234 1447 consuetu·

280 1482 409 1547 dinibus
424 1494 455 1546 et
470 1483 556 1545 omni
579 1505 613 1544 re
635 1481 819 1567 simpliciter
838 1495 871 1544 et
893 1481 1038 1546 absolute
1058 1495 1187 1568 poneret
1200 1486 1234 1546 in

280 1583 444 1648 voluntate
453 1584 532 1668 ejus.
578 1583 634 1647 Ad
649 1583 737 1669 quod
746 1583 1002 1670 archiepiscopus
1024 1583 1188 1669 respondit
1200 1607 1234 1648 se

281 1696 428 1769 paratum
440 1706 506 1747 esse
523 1684 769 1749 consuetudines
784 1685 950 1748 observare
962 1706 1021 1771 pro
1030 1707 1106 1769 pace
1117 1686 1186 1770 ejus
1201 1698 1233 1750 et

280 1784 395 1870 gratia,
409 1804 441 1848 et
455 1784 558 1848 facere
581 1784 734 1870 quicquid
754 1798 861 1870 posset
878 1785 920 1849 ad
940 1786 1136 1850 voluntatem
1151 1788 1232 1872 ejus,

282 1884 369 1948 salvo
381 1886 498 1948 honore
507 1888 569 1949 Dei
579 1899 610 1949 et
619 1885 730 1950 ordine
738 1909 806 1951 suo.
825 1886 939 1950 Clerici
950 1909 1024 1950 vero
1034 1889 1129 1971 regis,
1139 1890 1195 1971 qui
1205 1888 1234 1950 ei

281 1985 479 2065 assistebant,
489 1997 521 2049 et
539 1997 574 2049 ut
589 1984 791 2062 credebatur,
801 1985 956 2050 timebant
966 2008 1006 2049 ne
1017 2008 1081 2070 pax
1096 1986 1235 2051 ecclesias

281 2087 517 2162 reformaretur,
547 2090 674 2173 quoties
711 2086 886 2151 audiebant
915 2087 1017 2173 pactis
1046 2087 1139 2172 adjici
1171 2088 1234 2151 Dei

282 2187 431 2252 honorem
455 2187 506 2252 vel
527 2188 670 2253 ordinem
695 2188 818 2251 salvum
840 2187 919 2268 fore,
942 2188 1090 2252 dicebant
1112 2188 1235 2273 sophis·

281 2301 366 2352 mata
382 2289 511 2353 subesse
523 2290 640 2365 verbis,
651 2311 709 2352 uec
723 2289 822 2374 recipi
836 2302 954 2373 prater
967 2288 1144 2353 absolutam
1161 2311 1235 2372 pro·

164 2404 171 2415 ·
282 2390 461 2453 missionem
482 2389 607 2475 aliquid
620 2402 777 2473 oportere.
823 2388 881 2453 Ait
901 2386 1011 2476 itaque
1027 2413 1096 2466 rex,
1116 2394 1137 2425 “
1153 2391 1235 2454 Haec

282 2490 379 2553 verba
394 2510 558 2572 nunquam
581 2488 744 2573 recipiam,
761 2510 800 2551 ue
814 2488 961 2553 videatur
981 2489 1110 2575 quidem
1132 2489 1233 2553 archi-

282 2589 449 2677 episcopus
463 2590 611 2655 honorem
635 2590 698 2654 Dei
721 2612 846 2653 servare
861 2588 952 2667 velie,
966 2606 998 2656 et
1019 2613 1081 2655 non
1100 2614 1162 2676 ego
1177 2590 1235 2675 qui

282 2713 355 2757 eum
379 2691 480 2777 magis
501 2692 618 2756 servari
643 2691 817 2756 desidero.’'
862 2693 969 2769 Quum
991 2715 1066 2756 vero
1087 2692 1236 2756 dominus

283 2793 523 2858 cantuariensis
544 2792 751 2878 responderet
766 2814 799 2856 se
815 2792 861 2855 illi
878 2816 918 2856 ex
939 2793 1062 2879 pridem
1076 2792 1162 2856 facto
1177 2791 1233 2854 ho-

282 2895 386 2979 magio
407 2907 440 2959 et
462 2894 616 2959 fidelitate
637 2894 754 2959 debere
776 2917 901 2959 servare
916 2895 1024 2970 vitam,
1040 2894 1182 2958 membra
1201 2906 1234 2958 et

282 2997 434 3059 honorem
449 3009 623 3072 terrenum,
639 2995 727 3061 salvo
749 2995 861 3059 ordine
876 3018 944 3074 suo,
959 3007 992 3060 et
1006 2996 1085 3061 uihil
1101 2995 1234 3060 ulterius

281 3098 523 3183 promissurum,
539 3118 595 3161 rex
615 3096 812 3180 indignatus,
831 3097 949 3162 infecta
968 3120 1056 3182 pace,
1079 3096 1233 3174 discessit,

283 3196 551 3283 prosequentibus
573 3218 647 3259 eum
671 3195 951 3261 carthusiensibus
970 3210 1002 3261 et
1023 3198 1235 3263 Grandimon-

284 3296 379 3377 tanis‚
402 3318 482 3382 quos
508 3294 655 3359 dominus
678 3315 763 3382 papa
784 3298 911 3361 miserat
937 3308 978 3361 ut
999 3320 1108 3383 pacem
1134 3299 1236 3362 resor-

283 3409 407 3462 marent
430 3408 485 3461 aut
508 3398 707 3483 porrigerent
729 3396 991 3475 comminatorius,
1016 3420 1151 3483 quarum
1176 3397 1236 3463 tibi

283 3499 463 3565 destinatur
485 3497 675 3583 exemplum.
722 3496 785 3561 Sed
805 3518 862 3561 rex
885 3498 1052 3583 intercepit
1075 3521 1128 3561 eos
1146 3498 1236 3561 blan-

283 3600 371 3665 ditiis
385 3599 529 3676 delinire,
541 3600 731 3685 promittens
743 3619 776 3662 se
786 3620 898 3662 eorum
914 3597 976 3662 tale
988 3596 1066 3681 quid
1075 3597 1237 3659 facturum

283 3697 424 3779 consilio,
438 3696 479 3761 ad
501 3698 591 3783 quod
613 3697 765 3762 instantia
785 3695 967 3782 principum
989 3692 1047 3777 qui
1068 3691 1238 3757 adfuerant

284 3823 345 3864 non
361 3799 516 3886 potuisset
531 3799 652 3877 induci,
664 3821 703 3863 ne
718 3820 783 3884 pax
798 3797 946 3861 coactitia
960 3794 1132 3859 videretur.
1163 3795 1238 3858 Mo·

285 3904 356 3965 nuit
364 3922 442 3985 ergo
453 3911 491 3963 ut
503 3898 763 3963 Cantuarieusem
776 3897 961 3961 inducerent
973 3894 1239 3959 consuetudinum

285 4003 383 4065 verba
399 4002 531 4086 jurare3
556 4002 645 4084 quia,
668 3999 694 4063 si
716 3998 798 4084 quid
819 4018 968 4083 asperum
989 4008 1022 4061 et
1044 3991 1240 4059 intolerabile

287 4101 450 4165 videretur
464 4100 496 4164 in
513 4100 562 4176 iis,
571 4113 704 4186 paratus
719 4111 787 4163 erat
798 4102 954 4183 corrigere
963 4098 1062 4183 juxta
1075 4092 1241 4157 consilium

287 4200 520 4284 religiosorum,
536 4224 617 4286 quos
638 4199 679 4266 ad
700 4201 760 4263 hoc
780 4221 911 4263 evocare
925 4194 1124 4281 disponebat,
1140 4212 1242 4276 quum

287 4299 393 4385 ipsum
407 4296 584 4363 obtinuisse
597 4310 766 4364 constaret.
812 4297 980 4361 Gloriatus
993 4304 1041 4357 est
1056 4290 1163 4367 etiam,
1180 4289 1241 4353 suh
