3034 5200
284 715 394 800 1162]
667 731 847 778 emarcus.
1189 721 1232 782 aa

280 887 386 952 tendit
407 884 547 970 speciem
563 904 629 947 non
652 885 797 947 amantis.
841 882 933 947 Prior
947 905 1036 964 ergo,
1054 894 1091 949 ut
1107 884 1231 968 justum

239 1053 242 1059 ,
281 998 341 1064 cst,
356 986 463 1052 studui
479 985 635 1070 superiori
654 994 687 1048 et
707 984 837 1049 domino
852 985 939 1069 quod
956 986 1046 1069 potui
1060 996 1092 1049 et
1107 1007 1234 1070 semper

281 1088 384 1153 debeo
409 1088 530 1152 sedulas
555 1086 767 1151 venerationis
792 1087 984 1171 obsequium
1008 1087 1175 1167 exhibere,
1200 1099 1233 1152 et

281 1211 353 1275 quae
368 1191 455 1254 circa
467 1210 524 1253 vos
535 1198 568 1252 et
578 1187 749 1251 ecclesiam
759 1197 893 1251 vestram
909 1196 1057 1270 gerantur
1067 1199 1100 1252 et
1112 1201 1233 1254 vestros

281 1291 449 1355 sollicitius
464 1300 497 1355 et
511 1289 697 1372 diligentius
714 1290 915 1372 perscrutari,
931 1290 1033 1353 uthis
1052 1311 1125 1373 quse
1144 1300 1233 1354 recte

282 1401 435 1475 geruntur
451 1389 666 1472 congratulari
680 1391 816 1467 valeam,
832 1400 864 1453 et
879 1391 907 1452 si
922 1391 1000 1474 quid
1018 1389 1118 1475 (quod
1133 1391 1231 1471 absit)

283 1489 525 1574 deprehendero
540 1489 631 1553 vobis
651 1508 722 1551 esse
743 1491 922 1566 molestum,
937 1502 1048 1553 mutua
1063 1490 1233 1555 affectione

282 1592 469 1675 compatiar.
512 1591 585 1653 Erit
614 1609 691 1671 ergo
721 1587 748 1652 si
777 1592 886 1672 placet
915 1589 1098 1653 dilectionis
1120 1599 1233 1653 vestrae

283 1692 324 1756 de
340 1701 424 1754 statu
443 1702 552 1754 nostro
572 1691 768 1754 rescribere:
792 1700 823 1754 et
838 1691 865 1753 si
881 1689 1034 1754 sedulitas
1054 1711 1126 1753 mea
1140 1691 1234 1753 vobis

282 1792 426 1856 officiosa
444 1811 514 1854 esse
533 1790 670 1874 potuerit
687 1789 722 1852 in
743 1789 862 1873 aliquo,
878 1790 1081 1872 proscribere
1100 1798 1134 1852 et
1154 1810 1235 1872 prae«.

282 1893 389 1976 cipere
404 1913 444 1955 ex
460 1891 558 1955 animi
573 1890 730 1954 sententia
747 1912 807 1974 pro
822 1890 941 1953 viribus
961 1889 1112 1973 parituro.
1156 1891 1231 1954 Pre-

283 2015 338 2059 cor
352 2003 457 2058 autem
473 2003 505 2056 et
519 1994 662 2079 obtestor
676 1991 709 2054 in
729 1990 790 2054 tide
806 1992 871 2054 Dei
886 2001 918 2054 et
932 1991 1065 2054 caritate
1084 1991 1234 2075 quatinus

284 2094 482 2159 carissimum
504 2093 586 2157 mihi
608 2094 651 2155 N.
673 2092 803 2157 fratrem
819 2101 959 2156 vestrum
980 2091 1015 2154 in
1038 2091 1180 2155 Domino
1200 2102 1234 2154 et

281 2205 398 2260 nostrae
427 2195 692 2280 peregrinationis
726 2194 849 2257 socium
882 2193 1033 2274 diligatis,
1061 2202 1095 2256 et
1122 2203 1235 2257 vestrae

282 2297 504 2360 familiaritatis
525 2316 656 2359 munere
677 2294 859 2359 honoretis:
882 2294 974 2358 etsie
997 2315 1069 2358 eum
1092 2295 1234 2360 tractetis

282 2396 322 2460 de
346 2404 466 2460 'caetero
491 2417 632 2459 mearum
656 2394 928 2478 contemplatione
954 2415 1096 2477 precum,
1119 2404 1155 2458 ut
1178 2417 1235 2459 cas

281 2495 368 2580 apud
391 2517 448 2558 vos
470 2496 653 2579 experiatur
675 2495 812 2578 alicujus
834 2516 904 2558 esse
926 2496 1089 2576 momenti.
1133 2496 1170 2560 Si
1193 2497 1234 2560 de

281 2606 366 2662 statu
380 2618 452 2660 meo
465 2597 584 2662 curatis
599 2594 721 2671 audire,
731 2595 881 2660 noveritis
892 2595 980 2680 quod
991 2597 1053 2661 hoc
1069 2597 1160 2661 exilii
1170 2600 1234 2662 mei

281 2698 525 2784 quadriennium
548 2698 595 2761 sic
617 2696 795 2760 infirmitati
817 2719 897 2761 meae
924 2709 1141 2781 contemperat
1165 2701 1233 2763 Do·

281 2800 398 2875 minus,
414 2806 451 2864 ut
465 2819 620 2883 processu
642 2797 796 2882 temporis
810 2797 1014 2862 vexationem
1034 2820 1137 2862 meam
1160 2821 1234 2863 suc·

281 2920 391 2965 cessus
406 2901 576 2965 comitetur
596 2900 735 2978 uberior,
749 2910 782 2963 et
795 2899 921 2981 plenior
941 2900 1102 2963 miseratio
1118 2921 1233 2963 conso·

278 3002 373 3065 letur.
419 3002 580 3065 Alimenta
594 3012 626 3064 et
641 2999 832 3063 indumenta
845 2999 925 3061 meis
940 3000 1057 3064 adsunt
1077 3000 1118 3064 ad
1133 3002 1233 3064 abun·

281 3099 444 3165 dantium:
467 3101 609 3171 dulcium
624 3111 656 3164 et
677 3101 804 3163 utilium
824 3100 858 3162 in
881 3102 980 3164 exilio
1004 3102 1234 3185 multiplicatur

282 3203 377 3283 copia
391 3202 583 3265 amicorum:
607 3213 638 3265 et
652 3212 861 3265 evanescente
876 3223 919 3264 ex
934 3223 1050 3283 magna
1064 3215 1153 3285 parte
1166 3204 1233 3268 fide

278 3312 423 3366 veterum
444 3302 653 3381 familiarium,
677 3324 831 3367 novorum
857 3303 973 3367 caritas
998 3305 1136 3388 amplius
1159 3307 1234 3369 soli·

280 3400 384 3465 datur.
429 3401 469 3465 In
490 3402 613 3465 ratione
636 3401 702 3466 dati
722 3411 755 3466 et
777 3404 902 3486 accepti
923 3425 975 3467 me
994 3404 1055 3467 sibi
1073 3417 1234 3469 conterra-

278 3522 413 3565 neorum
437 3502 546 3565 nullus
568 3501 699 3584 obligat,
721 3501 780 3565 sed
805 3514 1031 3567 extraneorum
1057 3504 1233 3570 ministerio

278 3622 331 3666 me
359 3610 464 3667 totum
492 3603 556 3666 sibi
581 3604 642 3667 soli
665 3603 773 3666 reddit
801 3604 980 3667 obnoxium
1010 3605 1067 3687 qui
1092 3606 1234 3671 volatilia

278 3704 394 3785 pascit,
417 3712 449 3768 et
472 3702 587 3768 decore
608 3703 855 3786 incomparabili
870 3694 963 3765 vestit
981 3703 1060 3777 lilia,
1076 3703 1234 3790 floresque

279 3795 456 3866 remantes.
500 3803 617 3887 Neque
637 3804 701 3866 hoc
722 3802 844 3865 dictum
867 3802 1043 3884 accipiatur
1056 3815 1093 3867 ut
1111 3806 1234 3869 amicos

279 3922 409 3984 arguam
439 3904 658 3986 frigescentes,
685 3902 743 3967 sed
773 3914 808 3966 ut
836 3902 1030 3986 glorificetur
1056 3926 1248 3992 pauperum·

277 4012 369 4087 pater
383 4005 439 4089 qui
453 4006 488 4068 in
503 4005 596 4069 coelis
610 4015 668 4084 est,
686 4013 720 4069 et
733 4007 854 4069 electos
873 4006 1020 4090 temptari
1035 4029 1099 4070 non
1114 4008 1234 4088 patitur

279 4113 376 4188 supra
389 4105 424 4168 id
439 4106 527 4189 quod
541 4117 687 4189 possunt.
724 4107 843 4178 Quaeso
859 4107 965 4191 itaque
981 4115 1014 4170 et
1028 4106 1233 4171 affectuosius

279 4206 429 4290 supplico
451 4207 603 4291 quatinus
621 4207 907 4291 peregrinationem
928 4227 1042 4278 meam,
1057 4215 1089 4267 et
1107 4207 1233 4272 naufra-

282 4306 369 4387 gium
384 4310 532 4373 ecclesiae
551 4308 726 4373 laborantis
741 4306 852 4370 restris
872 4316 905 4369 et
927 4316 1106 4369 sauctorum
1129 4311 1233 4388 preci.
