3034 5200
299 704 340 762 ta
578 714 714 760 scaurus
730 712 1006 759 saansnaruausrs
1155 694 1198 773 [n.
1215 713 1247 758 n.

298 867 449 932 instantia
462 865 679 930 indesinenter
692 866 872 930 concutitur
883 875 916 928 et
927 866 1049 943 acriter,
1058 865 1125 928 sine
1140 874 1246 929 tamen

300 968 425 1032 virtutis
440 967 584 1044 elisione,
598 966 768 1044 colliditur,
783 967 958 1028 amicornm
980 967 1115 1048 potestis
1130 965 1248 1029 sollici-

298 1068 441 1133 tudinem
457 1088 575 1149 gerere,
591 1077 623 1131 et
638 1089 747 1131 eorum
764 1088 861 1130 onera
874 1087 933 1148 per
946 1067 1091 1130 fraternae
1106 1067 1246 1130 caritatis

296 1169 526 1233 exhibitionem
550 1168 656 1232 facitis
679 1180 793 1232 vestra.
838 1168 893 1232 Sic
919 1169 1060 1231 enimet
1083 1168 1248 1251 apostolus

297 1271 523 1335 scandalizatis
552 1272 703 1345 couritur,
726 1281 757 1334 et
782 1268 934 1334 fratribus
958 1270 1173 1334 coinfirmatur
1196 1270 1246 1332 in-

296 1371 406 1451 firmis,
421 1385 453 1438 et
474 1395 531 1457 per
553 1374 812 1456 compassionem
834 1372 872 1436 fit
892 1374 927 1435 in
950 1372 1077 1437 Christo
1097 1372 1248 1435 omnibus

296 1476 414 1553 omnia,
429 1474 505 1538 dum
527 1473 568 1536 ad
589 1474 722 1538 formam
744 1475 860 1538 ethicae
882 1473 1029 1557 purioris,
1044 1484 1076 1537 et
1097 1495 1248 1536 consum·

296 1576 437 1642 metieris
461 1573 687 1661 Philosophiae,
708 1577 884 1641 humanum
909 1598 929 1639 a
954 1565 992 1640 se'
1014 1577 1094 1639 nihil
1121 1585 1246 1657 reputat

295 1680 445 1744 alienum.
490 1677 646 1762 Reposito
667 1690 717 1742 est
746 1680 837 1742 vobis
863 1680 974 1762 (pater)
1002 1678 1099 1761 hujus
1128 1697 1248 1740 corona

295 1778 530 1854 misericordiae,
543 1800 637 1861 quani
655 1779 767 1842 reddet
777 1779 869 1842 robis
884 1779 916 1840 in
933 1779 988 1841 illa
1002 1779 1054 1842 die
1070 1779 1248 1841 misericors

296 1893 329 1946 et
357 1883 522 1944 miserator
552 1880 724 1958 Dominus,
747 1882 803 1963 qui
827 1899 887 1942 nos
914 1880 1040 1942 iuterim
1071 1881 1194 1957 exules,
1217 1890 1249 1942 et

295 1981 491 2064 proscriptos
513 1997 598 2055 suos,
623 1988 806 2043 sanctorum
829 1998 956 2041 suorum
981 1978 1168 2055 ministerio,
1189 1998 1245 2039 ne-

296 2083 498 2148 cessitatibus
513 2081 629 2146 nostris
644 2101 702 2164 pro
717 2081 789 2163 ipso
812 2080 1117 2144 communicantium
1131 2101 1246 2143 conso-

294 2187 378 2247 latur
401 2184 435 2245 in
465 2183 553 2246 omni
581 2180 786 2245 tribulatione
816 2192 935 2244 nostra.
980 2183 1065 2244 Nam
1091 2181 1246 2246 Christia-

295 2285 444 2348 nissimus
466 2306 523 2348 rex
545 2284 740 2346 Francorum
766 2292 890 2365 patrem
912 2293 1056 2346 nostrum
1079 2282 1245 2346 Cantuari-

297 2407 405 2450 ensem
429 2385 708 2469 archiepiscopum
736 2385 772 2447 in
798 2385 884 2448 ulnis
912 2385 1053 2448 caritatis
1081 2384 1248 2469 excipiens

297 2491 429 2554 eumin
456 2489 594 2554 ecclesia
617 2490 720 2553 beatae
746 2487 915 2553 Columbae
945 2489 1139 2552 Senonensis
1162 2489 1250 2570 regia

297 2589 563 2676 magnificentiam
586 2590 730 2669 exhibet,
744 2602 777 2654 et
799 2591 846 2655 sic
868 2602 981 2656 tractat
994 2591 1029 2654 in
1045 2592 1193 2655 omnibus
1211 2601 1248 2653 ut

297 2716 317 2759 a
342 2696 469 2760 Christo
493 2693 620 2758 tractari
647 2692 742 2759 decet
771 2694 934 2757 Christum
960 2693 1102 2756 Domini.
1147 2693 1250 2755 Aliter

297 2797 384 2861 enim
403 2795 582 2879 exprimere
600 2815 727 2879 nequeo
749 2796 964 2871 affectionem,
979 2814 1075 2877 quam
1094 2793 1249 2874 naufrago

297 2898 453 2963 sacerdoti
483 2897 617 2961 exhibet
641 2896 935 2960 Christianissimus
962 2895 1124 2978 princeps.
1177 2894 1249 2957 Nos

298 3012 404 3063 autem
419 2998 588 3062 domestici
603 2998 788 3076 sacerdotis,
803 2997 973 3082 proscripti
992 2996 1122 3081 quidem
1142 2997 1248 3073 rebus,

298 3098 356 3164 sed
367 3098 495 3181 ascripti
507 3098 668 3175 fidelibus,
678 3102 732 3184 qui
746 3122 804 3184 pro
814 3100 939 3185 justitia
953 3099 1111 3183 patientes
1120 3098 1249 3161 honori·

298 3200 472 3263 ficaverunt
487 3198 691 3261 ministerium
703 3222 807 3277 suum,
819 3201 953 3286 dispersi
964 3223 1074 3265 sumus
1086 3211 1122 3264 ut
1136 3200 1249 3264 exules

298 3302 333 3364 in
355 3319 454 3381 regno
480 3299 684 3362 Francorum.
729 3302 794 3365 Sed
816 3304 937 3385 ubique
959 3305 1054 3367 nobis
1077 3304 1170 3367 adest
1194 3300 1249 3384 qui

297 3400 404 3485 pascit
412 3398 553 3461 volatilia
568 3400 652 3477 eceli,
663 3411 696 3464 et
705 3402 773 3464 lilia
782 3404 875 3466 restit
891 3424 1045 3485 agromm.
1076 3405 1247 3488 Speremus

298 3512 403 3566 autem
426 3499 513 3585 qnod
534 3500 621 3564 idem
640 3512 857 3583 paternoster
876 3517 909 3567 et
928 3506 1069 3568 omnium
1089 3504 1249 3568 Dominus

298 3606 472 3687 procellam
493 3615 633 3665 nostram
648 3604 682 3666 in
703 3626 810 3669 auram
832 3616 995 3669 convertet
1007 3607 1041 3668 in
1056 3606 1156 3682 brevi,
1170 3605 1249 3667 licet

300 3707 402 3789 majus
424 3705 519 3768 nobis
542 3705 707 3771 imminere
732 3708 932 3789 naufragium
955 3709 1067 3772 hostes
1089 3706 1247 3771 Ecclesiae

300 3808 482 3889 glorientur.
526 3808 729 3873 Mentiuntur
750 3811 836 3873 enim
859 3812 1038 3874 Romanam
1064 3808 1247 3873 Ecclesiam

301 3908 395 3971 nohis
410 3926 593 3969 conversam
609 3931 679 3972 esse
700 3911 733 3973 in
754 3933 863 3975 arcum
878 3934 1022 3995 pravum,
1036 3921 1068 3973 et
1082 3910 1247 3973 dominum

301 4030 417 4096 papam
429 4008 578 4072 omnibus
588 4012 673 4091 regis
684 4013 859 4094 Auglorum
871 4016 1078 4098 petitionibus
1087 4014 1250 4089 annuisse,

302 4136 345 4177 ex
368 4134 408 4176 eo
433 4121 595 4174 sumentes
619 4112 845 4196 conjecturam,
868 4116 957 4200 quod
979 4114 1249 4180 excommunicati

301 4216 400 4278 nostri
422 4211 560 4276 absoluti
583 4215 711 4277 suntin
733 4215 872 4280 adventu
897 4219 1034 4282 loannis
1056 4217 1097 4281 de
1120 4217 1248 4279 Oxene·

303 4312 422 4387 fordia3
443 4312 500 4394 qui
515 4314 621 4391 etiam,
636 4315 726 4399 quasi
741 4337 775 4380 rc
795 4319 876 4381 bene
892 4329 982 4400 gesta
995 4319 1029 4380 in
1045 4318 1132 4381 curia
1147 4315 1248 4399 impe*
