3034 5200
288 738 395 818 11⁷3]
662 752 842 799 arrsroaa.
1178 738 1240 794 975

281 907 390 990 gentia
405 928 579 992 prosequar
600 905 633 969 id
654 905 684 967 in
707 903 794 989 quod
817 925 848 965 se
869 900 1042 966 ostendunt
1059 900 1166 964 studia
1182 922 1236 984 po-

280 1009 408 1072 tiorum.
454 1008 498 1071 Et
515 1019 617 1070 vestra
640 1005 772 1092 quidem
797 1002 946 1067 sanctitas
971 1001 1073 1064 eidem
1096 1000 1234 1064 ecclesiae

281 1126 403 1188 semper
417 1105 519 1169 astitit
539 1104 571 1167 in
593 1103 757 1167 laboribus
773 1102 845 1182 suis,
863 1113 894 1165 et
915 1100 1099 1164 meritorum
1115 1111 1235 1164 vestro-

280 1225 350 1266 rum
372 1187 633 1267 concurrentibus
655 1201 755 1267 titulis
778 1200 934 1284 gloriosus
957 1214 1079 1285 martyr
1099 1223 1231 1284 agonem

280 1325 372 1367 suum
403 1304 537 1367 feliciter
565 1302 809 1378 consummavit,
840 1314 872 1365 et
906 1301 1009 1365 clerus
1037 1314 1148 1387 optata
1177 1302 1233 1364 diu

281 1405 493 1468 consolatione
515 1405 660 1489 respirat.
707 1407 814 1477 Quum
837 1403 920 1467 enim
950 1403 1098 1467 dominus
1127 1418 1234 1467 noster

274 1506 336 1569 ¹rer
363 1506 543 1590 Anglorum
568 1506 709 1591 praefatae
733 1504 881 1584 ecclesiae,
904 1508 1067 1588 sicutper
1088 1504 1234 1567 officiales

280 1629 354 1670 suos
374 1607 531 1692 episcopis
551 1623 583 1670 et
606 1605 690 1670 clero
711 1605 863 1680 innotuit,
878 1605 1010 1668 liberam
1032 1607 1233 1670 concessisset

279 1707 416 1793 eligendi
432 1709 491 1772 sibi
507 1709 778 1794 archiepiscopum
794 1707 994 1771 facultatem:
1017 1708 1144 1770 tandem
1161 1731 1233 1771 con-

278 1809 481 1873 currentibus
501 1831 609 1871 eorum
630 1808 683 1893 qui
709 1806 740 1870 in
765 1808 878 1892 majori
899 1807 1022 1890 degunt
1038 1807 1179 1882 ecclesia,
1201 1822 1233 1872 et

279 1909 414 1974 aliorum
441 1911 531 1990 rotis,
554 1910 701 1974 canonice
732 1922 946 1973 convenerunt
978 1909 1010 1971 in
1038 1911 1154 1985 virum,
1180 1915 1233 1976 cui

280 2011 388 2075 divina
409 2025 573 2098 praeeunte
599 2014 704 2096 gratia
731 2011 907 2074 litterarum
934 2009 1072 2074 eruditio
1094 2012 1135 2073 ad
1158 2009 1232 2073 doc·

280 2114 393 2178 trinam
425 2115 662 2199 suffragabitur,
693 2113 761 2177 vita
790 2110 933 2196 proficiet
969 2111 1009 2174 ad
1040 2110 1232 2195 exemplum,

279 2217 434 2303 elegantia
444 2241 567 2284 morum
579 2217 813 2304 promerebitur
825 2214 960 2298 gratiam
972 2214 1234 2294 cohabitantium,

279 2318 428 2382 facundia
445 2320 577 2382 verbum
597 2319 660 2382 Dei
677 2316 845 2381 salubriter
859 2315 1067 2401 dispensabit.
1115 2315 1147 2380 si
1163 2317 1234 2402 qui-

278 2418 350 2483 dem
378 2418 559 2482 indubitata
582 2440 653 2503 spes
682 2429 741 2493 est,
768 2416 854 2501 quod
882 2417 1109 2493 sanctissimus,
1136 2440 1232 2502 quem

280 2542 403 2607 semper
418 2519 529 2584 dilexit
550 2532 582 2582 et
605 2517 716 2594 coluit,
732 2517 972 2582 necessitatibus
992 2520 1061 2605 ejus
1078 2532 1231 2606 patronus

279 2622 424 2687 accedet:
459 2635 490 2685 et
522 2643 616 2707 quem
647 2642 856 2684 successorem
886 2620 1016 2705 elegisse
1046 2634 1078 2685 et
1108 2644 1233 2684 vocasse

279 2722 365 2787 visus
377 2734 427 2785 ,est
448 2721 488 2784 ad
510 2722 659 2796 laborem,
676 2742 863 2805 promovere
885 2721 1032 2806 disponat
1048 2722 1089 2786 ad
1105 2721 1232 2806 partici-

280 2825 366 2909 pium
388 2824 608 2888 consolationis
630 2837 662 2888 et
684 2823 807 2909 gloriae.
855 2825 889 2887 Is
909 2840 956 2888 est
977 2824 1163 2888 venerabilis
1184 2824 1232 2887 vir

280 2925 365 3001 Ric,
390 2925 550 3010 quondam
576 2925 661 3011 prior
687 2924 826 2989 ecclesiae
854 2926 1057 3002 Doverensis‚
1083 2947 1142 3009 pro
1168 2947 1233 3008 quo

278 3025 455 3089 sanctitatis
471 3039 583 3089 vestrae
598 3027 734 3110 genibus
753 3024 952 3111 provolutus
969 3038 1089 3111 quanta
1104 3047 1232 3110 possum

278 3126 446 3200 devotione
471 3127 626 3212 supplico,
647 3128 800 3212 quatinus
821 3129 850 3191 ei
873 3128 1036 3191 dexteram
1059 3127 1173 3212 gratiae
1198 3140 1230 3191 et

278 3251 371 3314 opem
394 3227 515 3291 consilii
538 3227 707 3292 clementer
729 3228 872 3313 porrigat
898 3227 1085 3292 excellentia
1107 3242 1229 3293 vestra:

279 3342 311 3393 et
326 3328 475 3408 ecclesiae,
495 3351 592 3412 quam
615 3329 656 3391 de
672 3330 840 3413 naufragio
862 3329 1004 3393 traxistis
1027 3329 1068 3393 ad
1090 3342 1231 3415 portum,

279 3432 401 3496 labores
421 3445 451 3494 et
476 3429 639 3514 angustias
661 3443 772 3517 optato
795 3430 908 3495 solatio
930 3430 1084 3496 relevetis.
1132 3432 1171 3494 Id
1187 3433 1233 3495 ita

279 3532 408 3597 demum
435 3532 611 3618 proveniet,
639 3532 664 3597 si
691 3532 836 3617 dignatio
858 3545 963 3597 vestra
988 3532 1171 3610 obtinuerit,
1196 3544 1232 3595 ut

279 3633 408 3717 electus,
436 3652 565 3717 accepto
588 3635 834 3699 consecrationis
863 3655 1005 3712 munere,
1035 3632 1231 3715 plenitudine

238 3803 240 3807 μ
278 3735 416 3819 gaudeat
444 3737 619 3822 potestatis,
649 3748 684 3798 ut
708 3738 779 3798 Deo
804 3735 948 3799 debitum
974 3733 1106 3797 reddere
1131 3735 1230 3820 possit

278 3837 478 3921 obsequium,
490 3850 521 3901 et
536 3836 752 3922 indigentibus
765 3836 910 3901 solatium
928 3835 1087 3901 exhibere.
1125 3836 1232 3915 Quod,

279 3937 472 4001 serenissime
493 3952 525 4002 et
547 3937 728 4001 dulcissime
751 3951 852 4023 pater,
874 3948 964 4001 tanto
985 3936 1087 4020 magis
1109 3960 1232 4001 necesse

278 4036 382 4100 habeo
404 4043 575 4122 postulare,
592 4053 714 4125 quanto
734 4040 846 4124 majori
869 4062 940 4102 meo
960 4037 1140 4102 discrimine
1159 4037 1231 4123 qui·

278 4138 351 4202 dam
368 4140 494 4204 mentiri
509 4144 577 4205 ausi
600 4156 685 4217 sunt,
702 4142 789 4227 quod
806 4165 866 4225 ego
885 4139 971 4225 apud
988 4163 1043 4203 vos
1058 4154 1089 4204 et
1104 4164 1161 4226 per
1177 4164 1232 4204 vos

278 4241 541 4305 consecrationem
558 4244 626 4328 ejus
638 4243 802 4307 debuerim
819 4242 998 4328 impedisse.
1037 4244 1109 4305 Hoc
1124 4255 1231 4306 autem

279 4342 482 4407 falsissimum
499 4367 565 4411 esse
587 4344 674 4407 novit
697 4348 797 4423 Deus,
812 4358 844 4408 et
861 4344 1020 4408 sinceritas
1035 4343 1231 4409 conscientiae

730 4463 750 4506 r
767 4452 786 4506 2
