3034 5200
202 796 205 803 .
288 741 353 800 alt
377 778 378 782 =
547 750 683 795 rasurus
699 748 980 795 saansaanmums
1155 729 1201 808 [A.
1214 748 1246 792 n.

293 899 514 988 comprobetis.
545 901 617 962 Non
631 899 757 985 quidem
773 912 808 963 ut
819 898 883 962 illis
896 898 1038 961 remissio
1050 898 1102 977 sit,
1111 911 1144 962 et
1156 897 1248 960 vobis

293 1002 475 1068 tribulatio:
500 1000 554 1064 sed
570 1024 609 1063 ex
626 999 819 1084 aequalitate,
836 1013 872 1061 ut
889 999 921 1060 in
938 1000 1086 1082 praesenti
1103 1011 1248 1082 tempore

296 1117 401 1169 vestra
424 1101 621 1166 abundantia
645 1103 670 1165 si
696 1123 760 1165 non
782 1101 943 1174 fraternae,
965 1100 1052 1185 quod
1075 1112 1249 1186 oporteret,

296 1205 405 1271 saltem
422 1216 564 1290 paternae
579 1203 695 1287 inopiae
712 1203 754 1266 sit
776 1202 1044 1288 supplementum.
1089 1201 1247 1288 Alioquin

294 1321 405 1394 patens
419 1306 478 1370 erit
493 1304 655 1390 iniquitas,
667 1303 722 1367 ubi
738 1302 827 1365 nulla
843 1304 1072 1389 aequandorum
1089 1307 1247 1390 reperitur

296 1409 472 1495 aequalitas.
519 1409 601 1470 Nam
626 1406 666 1469 de
690 1405 740 1470 his
764 1404 819 1491 qui
845 1419 1011 1470 versantur
1034 1407 1197 1471 unanimes
1213 1408 1247 1471 in

296 1513 391 1577 domo
414 1510 555 1584 Domini,
579 1508 734 1594 scriptum
757 1518 813 1572 est.
863 1507 926 1584 Qui
950 1508 1088 1572 multum
1112 1509 1249 1575 habebat

296 1636 359 1679 non
375 1611 562 1689 abundavit,
573 1623 605 1674 et
620 1610 678 1696 qui
693 1609 854 1673 modicum
870 1630 933 1673 non
948 1611 1127 1676 minoravit.
1157 1613 1250 1676 Nun-

297 1712 376 1799 quid
391 1734 448 1775 vos
463 1711 520 1775 soli
535 1712 568 1774 in
584 1710 695 1774 castris
705 1707 835 1772 Domini
852 1712 974 1773 Gomor
989 1709 1166 1795 legitimum
1179 1733 1249 1798 per·

297 1811 449 1877 didistis?
483 1810 508 1874 si
533 1831 649 1872 manna
673 1807 862 1893 prohibente
890 1810 1029 1873 Domino
1055 1823 1249 1875 reservatum

297 1935 415 1976 munus
436 1911 563 1997 quidem
587 1910 725 1987 coeleste,
741 1924 772 1974 et
796 1911 889 1994 panis
910 1924 942 1975 et
958 1923 1069 1995 pastus
1088 1912 1250 1997 angelicus

298 2013 450 2100 putrescit
465 2027 496 2077 et
513 2035 635 2076 vermes
649 2011 739 2075 facit:
764 2012 841 2097 quid
858 2013 1037 2097 putredinis
1048 2026 1080 2078 et
1095 2014 1251 2077 vermium
1315 2013 1319 2017 ’

299 2114 463 2178 contrahet
479 2112 627 2197 putredo,
644 2110 783 2176 Domino
793 2113 992 2198 prohibente,
1004 2127 1129 2178 servata
1140 2114 1172 2178 in
1188 2116 1252 2180 dis-

297 2215 448 2302 pendium
465 2215 616 2293 caritatis,
630 2215 663 2277 in
678 2215 782 2279 esurie
796 2229 828 2280 et
843 2216 990 2282 nuditate
1005 2218 1165 2283 fratrum?
1188 2241 1251 2283 non

299 2318 412 2402 utique
427 2315 514 2401 quod
525 2315 571 2380 illi
587 2316 728 2381 esuriant
742 2330 799 2382 aut
816 2320 894 2382 nudi
910 2331 996 2400 sunt,
1006 2319 1061 2386 scd
1077 2321 1165 2406 quod
1180 2320 1252 2386 illos

298 2417 360 2483 nisi
380 2417 495 2481 caritas
516 2415 550 2479 in
574 2414 663 2481 vobis
686 2440 744 2502 per
764 2418 900 2502 gratiam
924 2419 1061 2505 amplius
1083 2418 1251 2497 excitetur,

298 2519 386 2602 fami,
400 2516 539 2582 nuditati
555 2529 587 2582 et
608 2517 757 2604 periculis
771 2519 920 2583 omnibus
939 2522 1138 2607 exposuistis.
1176 2522 1254 2585 Ver-

300 2642 408 2687 sentur
419 2620 487 2684 haec
499 2633 531 2684 et
544 2619 657 2685 similia
672 2620 827 2684 inanimis
841 2634 873 2685 et
883 2624 1028 2687 terantur
1042 2626 1074 2687 in
1086 2623 1253 2710 colloquiis

299 2722 425 2798 vestris,
440 2732 472 2785 et
493 2719 601 2805 ponite
616 2719 712 2783 corda
734 2733 838 2784 vestra
855 2743 950 2805 super
973 2720 1041 2785 vias
1056 2734 1192 2787 vestras:
1221 2735 1253 2786 et

301 2845 430 2887 causam
457 2834 489 2885 et
514 2820 628 2885 itinera
648 2821 759 2907 patris,
783 2833 815 2885 et
839 2824 906 2885 vias
928 2821 1172 2888 adversantium.
1208 2821 1253 2886 Et

300 2919 455 2985 attendite
471 2919 544 3005 quis
560 2920 632 2985 Deo
646 2920 826 3005 inspectore
848 2935 879 2985 et
898 2921 1012 3008 judice
1034 2925 1134 3009 possit
1148 2923 1189 2987 ab
1204 2923 1253 2987 his

300 3023 406 3083 exitus
420 3021 595 3104 provenire.
642 3023 694 3083 lta
709 3033 814 3083 tamen
833 3034 868 3085 ut
883 3042 946 3084 non
962 3021 1044 3087 alius
1058 3023 1254 3088 consultator

300 3118 478 3203 Ranulphi,
501 3119 583 3184 alius
609 3121 736 3194 dumne,
758 3120 840 3184 alius
864 3121 1040 3202 Mambrm,
1056 3122 1138 3187 alius
1158 3124 1254 3189 Achi-

300 3219 410 3303 tophel
422 3241 652 3304 magorumque
665 3221 832 3285 similium:
857 3222 911 3286 sed
928 3224 1149 3289 conscientiam
1164 3247 1253 3288 suam

300 3319 435 3404 quisque
456 3318 605 3382 discutiat
626 3333 658 3383 et
674 3322 834 3387 consultat
855 3324 959 3409 legem
974 3326 1047 3389 Dei.
1091 3330 1164 3391 Jam
1181 3347 1255 3389 sane

300 3418 421 3504 praevia
445 3416 567 3482 ratione
591 3418 743 3484 illustrati
772 3444 829 3505 per
858 3425 993 3508 gratiam
1023 3425 1183 3490 reducetis
1212 3425 1254 3489 ad

300 3518 454 3598 animum,
480 3516 628 3602 quoniam
659 3517 873 3587 misericordia
901 3525 1070 3612 plenitudo
1094 3526 1255 3591 virtutum

300 3636 359 3701 est,
376 3637 407 3687 et
423 3621 604 3687 recedentes
619 3644 638 3686 a
652 3623 713 3687 viis
727 3625 870 3709 pristinis
885 3651 958 3692 cum
976 3653 1014 3693 eo
1027 3630 1149 3695 facietis
1164 3629 1255 3693 mise-

299 3725 477 3803 ricordiam,
497 3724 554 3809 qui
575 3747 644 3788 eam
668 3730 739 3791 Deo
761 3728 956 3813 propitiante
977 3731 1043 3796 rito
1064 3730 1256 3816 respondere

300 3826 419 3912 poterit
434 3826 467 3888 in
483 3848 581 3889 cornu
600 3827 702 3904 verbi,
718 3841 750 3893 et
771 3829 948 3915 affligentes
963 3854 995 3894 se
1015 3843 1162 3916 potenter
1176 3833 1257 3894 affli-

298 3951 383 4012 gere.
429 3925 478 3992 Sit
494 3925 624 4011 spiritus
648 3928 769 3992 consilii
785 3931 959 4008 vobiscum,
975 3943 1007 3994 et
1026 3929 1145 4014 dirigat
1160 3930 1258 3994 corda

299 4043 413 4109 vestra,
430 4039 467 4092 ut
480 4027 511 4090 in
534 4027 654 4093 bonum
670 4030 875 4096 memineritis
896 4031 1001 4095 vestri.
1048 4031 1122 4093 Hoc
1137 4034 1220 4095 enim
1236 4054 1256 4094 a

299 4132 393 4194 corde
415 4142 446 4193 et
470 4128 561 4193 labiis
583 4131 662 4193 meis
686 4134 757 4195 Deo
780 4131 966 4217 inspectore,
990 4144 1070 4198 teste
1093 4145 1124 4198 et
1144 4133 1256 4219 judice

299 4233 413 4297 caritas
441 4232 595 4316 expressit
625 4232 666 4296 ad
697 4232 897 4297 dulcissimos
925 4248 957 4298 et
988 4236 1258 4302 reverentissimos

298 4334 423 4408 fratres,
440 4343 476 4394 ut
498 4332 574 4394 mihi
597 4331 636 4394 de
659 4344 775 4397 caetero
798 4356 903 4397 coram
928 4337 1010 4416 De0,
1025 4359 1122 4421 quem
1146 4349 1256 4403 testem
