3034 5200
251 709 360 793 noa]
623 728 802 776 nrrsronn.
1162 719 1200 778 61

246 886 378 967 gratiam
393 884 456 946 Dei
471 883 623 947 citissime
638 882 875 946 confundentur
891 891 923 945 et
938 883 1127 946 erubescent
1143 884 1198 967 qui

246 987 381 1049 odarum
400 984 489 1061 Sion,
504 992 536 1047 et
550 1005 641 1047 suam
661 1005 735 1047 cum
751 983 874 1048 Scribis
895 994 928 1046 et
942 983 1101 1046 thseis
1119 984 1202 1046 srau·

246 1086 378 1149 dulenta
388 1087 557 1148 verborum
569 1085 688 1148 astutia
699 1084 842 1147 nituntur
851 1081 1029 1165 justificare
1038 1085 1203 1148 malitiam.

247 1185 330 1250 Nam
345 1207 387 1250 ex
403 1187 509 1249 verbis
523 1186 708 1249 nuntiorum
724 1183 847 1248 domini
866 1183 962 1265 regis,
976 1184 1033 1268 qni
1047 1206 1113 1248 non
1129 1206 1203 1249 coa-

248 1297 397 1352 raverunt
410 1289 445 1350 in
460 1287 560 1361 curia,
574 1286 699 1371 liquido
720 1284 955 1368 deprehensum
978 1297 1037 1363 est,
1050 1308 1117 1371 qun
1138 1287 1202 1350 sin·

246 1390 375 1452 ceritate
409 1397 520 1471 agatur
553 1409 626 1451 cum
660 1386 811 1451 Ecclesia
846 1387 928 1449 Dei:
966 1398 998 1450 et
1030 1388 1116 1471 quod
1146 1388 1202 1471 qui

250 1489 438 1552 videbantur
450 1492 608 1552 columnae
621 1487 767 1552 ecclesiae
778 1508 859 1564 esse,
871 1489 1010 1570 corrupti
1021 1490 1205 1572 peponibus

248 1602 281 1653 et
303 1590 385 1653 alliis
408 1588 649 1672 AEgyptiorum,
672 1590 794 1652 malunt
817 1589 946 1662 servire,
973 1599 1005 1651 et
1032 1591 1202 1653 ecclesiam

250 1689 376 1769 fatigari
399 1690 433 1751 in
447 1690 516 1751 luto
538 1699 571 1751 et
590 1689 697 1762 latere,
712 1709 807 1771 quam
830 1688 942 1751 itinere
964 1689 1059 1752 trium
1082 1688 1208 1753 dierum¹

248 1790 283 1851 iu
299 1811 405 1852 veram
415 1789 539 1872 prodire
553 1790 741 1866 libertatem,
752 1798 787 1852 et
801 1789 1053 1853 abominationes
1065 1789 1203 1874 AEgypti

252 1890 393 1954 Domino
407 1891 580 1954 immolare.
627 1889 743 1953 Precor
757 1901 864 1953 autem
884 1890 1038 1954 attentius
1053 1893 1206 1975 quatinus

249 1992 312 2054 mei
324 1991 504 2055 memoriam
515 1991 663 2055 habeatis
676 1991 709 2053 in
725 1991 922 2055 orationibus
933 1992 1056 2069 vestris,
1068 2004 1099 2055 et
1113 2013 1205 2075 pere·

249 2091 458 2173 grinationem
484 2102 626 2156 nostram
651 2104 831 2157 sanctorum
858 2093 911 2176 qui
935 2094 1102 2157 vobiscum
1128 2105 1205 2157 sunt

250 2194 445 2259 orationibus
460 2192 702 2258 commendetis.

307 2449 528 2512 EPISTOLA
557 2449 999 2515 CCXVI.-ansocnn1nun
1015 2470 1146 2516 sannas.

489 2568 686 2616 nrrscocmu.
737 2551 782 2633 [A.
797 2570 828 2615 n.
847 2553 955 2633 1167.]

273 2744 409 2809 Πονηὶνιο
422 2746 562 2811 «lecelino
577 2746 816 2812 Sareoberienci
830 2752 973 2832 episcopo
986 2750 1132 2813 Ioannes
1143 2751 1182 2812 de

627 2848 822 2913 saresberia.

292 3009 458 3069 Accurrrs
478 3007 591 3069 litteris
613 3007 801 3071 amicissimi
821 3009 886 3071 mei
905 3008 1080 3089 Reginaldi
1100 3009 1204 3072 archi·

251 3107 390 3179 diaconi,
414 3105 580 3168 dominum
595 3106 869 3183 cantuariensem,
891 3108 977 3193 quod
993 3122 1024 3173 et
1048 3119 1121 3172 ante
1145 3132 1204 3173 sae·

252 3207 327 3289 pius
355 3205 504 3279 feceram,
531 3226 627 3287 super
656 3208 875 3272 consolatione
904 3220 1006 3273 vestra
1034 3210 1205 3273 instantius

251 3307 439 3370 sollicitavi:
470 3315 502 3369 et
516 3307 600 3369 sicut
615 3318 710 3371 antea
725 3310 853 3393 quando
869 3311 1026 3393 Magister
1041 3313 1205 3375 Gilbertus

248 3428 388 3492 praesens
403 3406 503 3486 afficit,
518 3429 645 3472 omnem
661 3431 790 3492 operam
810 3411 885 3475 dedi
899 3423 931 3475 et
947 3413 1154 3492 diligentiam,
1168 3425 1205 3476 nt

248 3510 415 3573 satisfieret
426 3509 571 3592 petitioni
587 3520 706 3573 vestrae.
738 3511 804 3574 Sed
816 3513 921 3593 qualis
936 3512 1039 3594 primo
1054 3513 1204 3576 inventus

251 3626 308 3688 est,
323 3611 394 3674 talis
408 3621 590 3692 perseverat
610 3611 726 3674 adhuc.
773 3612 850 3675 Non
871 3610 1012 3695 quidem,
1027 3617 1066 3673 ut
1080 3615 1206 3677 consci-

254 3712 339 3774 entia
353 3720 433 3773 teste
453 3713 567 3794 loquor
589 3731 694 3774 coram
712 3713 796 3791 Deo,
811 3714 844 3775 in
867 3712 1032 3795 proposito
1055 3727 1205 3779 constans

253 3811 328 3873 odio
352 3812 455 3889 vestri,
482 3810 540 3873 sed
562 3831 604 3873 ne
633 3812 748 3875 dentur
771 3833 892 3876 comua
915 3815 1087 3896 peccatori,
1109 3827 1141 3880 et-
1163 3839 1206 3879 ne

252 3912 334 3975 facto
350 3913 412 3976 isto
431 3911 687 3976 inobedientium
707 3916 868 3977 temeritas
888 3915 1073 3979 invalescat.
1119 3919 1205 3979 Nam

237 4012 279 4073 si
302 4012 341 4075 ad
364 4013 580 4077 obedientiam
606 4014 773 4092 redieritis,
794 4036 860 4077 non
887 4014 1000 4079 dubito
1026 4019 1106 4099 quin
1131 4037 1203 4077 eum

250 4112 339 4175 illico
375 4114 545 4177 inveniatis
581 4115 863 4178 clementissimum
897 4126 1031 4198 patrem.
1085 4115 1206 4176 Nititur

250 4209 357 4275 autein
381 4214 416 4276 in
439 4216 523 4278 facto
548 4216 621 4291 isto,
646 4214 741 4278 etde
766 4215 900 4277 consilio
924 4216 1097 4297 amicornm
1122 4232 1204 4293 quos

253 4312 352 4375 habet
380 4313 415 4375 in
443 4315 580 4378 ecclesia
604 4316 759 4390 Romana,
784 4324 816 4375 et
842 4312 1034 4394 sapientium
1058 4310 1205 4374 ecclesiae
