3034 5200
307 721 366 780 176
583 730 720 777 rorunrs
735 727 1013 773 suassannrnnsm
1162 707 1206 786 [A.
1223 726 1255 770 o.

301 882 480 946 bumilitate
504 882 616 945 crescit
637 879 864 957 inhumanitas,
886 888 919 941 et
941 876 981 940 de
1004 874 1146 940 exhibita
1166 896 1260 938 man-

301 982 469 1048 suetudine
485 983 625 1047 nascitur
645 1004 683 1045 ac
702 980 853 1044 dilatatur
872 977 1051 1053 insolentia,
1067 977 1130 1041 alia
1144 976 1205 1057 via,
1226 986 1260 1039 et

302 1083 424 1147 utinam
447 1083 590 1166 feliciori,
612 1082 671 1146 sibi
692 1080 817 1145 censuit
838 1077 1065 1159 incedendum,
1080 1077 1258 1163 praesertim

303 1208 402 1273 quum
418 1197 565 1271 patenter
577 1195 773 1270 agnosceret,
786 1182 871 1268 quod
882 1181 1045 1246 vobiscum
1058 1192 1176 1245 etcum
1189 1179 1258 1263 ipso

215 1281 224 1299 ’
303 1310 429 1373 prorsus
443 1289 598 1372 agebatur
612 1287 645 1350 in
661 1285 744 1351 dolo.
793 1285 846 1348 Sic

408 1423 510 1475 Fistula
522 1422 596 1476 dulce
607 1423 685 1486 canit,
697 1419 827 1472 volucrem
838 1419 899 1471 dum
911 1419 1006 1488 decipit
1017 1435 1119 1488 auceps.

307 1538 401 1618 Nam,
416 1537 493 1602 dum
516 1560 587 1624 spes
602 1536 688 1623 pacis
711 1534 918 1620 promittitur,
937 1534 1093 1619 pernicies
1114 1532 1259 1597 ecclesiae

304 1642 486 1706 transmissa
497 1642 538 1705 ad
553 1639 661 1704 sedem
675 1637 878 1723 apostolicam
892 1637 1050 1721 legatione
1063 1647 1259 1722 procuratur.

306 1740 731 1828 Archiepiscopusinvitatur
743 1739 783 1802 ad
799 1738 1005 1825 colloquium,
1019 1750 1055 1802 ut
1072 1761 1133 1802 non
1150 1750 1261 1804 caveat

304 1845 481 1909 tendiculas
496 1866 618 1920 eorum,
635 1842 689 1928 qui
707 1853 856 1927 quaerunt
871 1842 1010 1906 animam
1027 1842 1106 1926 ejus,
1122 1851 1159 1905 ut
1173 1841 1261 1905 aufe-
1306 1839 1310 1844 ’

305 1959 377 2012 rant
392 1969 474 2012 earn.
510 1946 594 2010 Nam
611 1967 684 2031 quae
699 1967 763 2008 non
780 1945 1006 2030 praevidentur,
1018 1946 1127 2030 jacula
1141 1944 1261 2008 feriunt

305 2050 407 2128 citius,
420 2061 453 2114 et
463 2049 563 2134 magis
572 2048 704 2115 laedunt.
731 2048 809 2124 Ubi,
820 2070 939 2134 quaeso,
953 2048 1125 2134 Scripturae
1134 2047 1259 2128 veritas,

305 2152 331 2217 si
339 2152 394 2217 ille
409 2153 464 2240 qui
476 2151 623 2215 omnibus
640 2152 763 2215 foveam
779 2162 880 2236 parat,
892 2151 1084 2237 quandoque
1100 2172 1162 2213 non
1179 2173 1261 2236 prae·

305 2254 496 2340 cipitaturin
506 2251 629 2340 ipsam?
652 2253 734 2328 Quis
743 2253 847 2317 fidelis
855 2265 889 2317 et
898 2276 993 2318 verax
1002 2265 1059 2331 est,
1070 2253 1095 2317 si
1107 2252 1203 2317 fallax
1212 2263 1261 2317 est

306 2369 340 2421 et
353 2356 432 2421 falsa
447 2356 571 2437 veritas,
586 2377 660 2442 quaa
680 2355 888 2420 metientibus
903 2377 1034 2441 operum
1050 2355 1164 2420 merita
1178 2377 1261 2441 prae·

306 2459 441 2522 miorum
460 2459 579 2521 fructus
600 2457 804 2538 adeundam,
821 2457 876 2522 sed
892 2458 1093 2542 coagitatam,
1109 2458 1258 2522 refertam

307 2571 340 2623 ct
376 2557 653 2644 supereffluentem
687 2580 869 2623 mensuram
904 2557 1099 2645 pollicetur?
1143 2558 1260 2624 Nonne

306 2661 430 2746 pondus
452 2672 485 2723 et
506 2661 630 2744 pondus
654 2660 686 2723 in
712 2682 809 2723 manu
834 2660 973 2725 hominis
995 2672 1042 2725 est
1065 2660 1260 2725 abominatio

306 2764 390 2849 apud
408 2762 542 2827 Deum?
580 2762 736 2848 Nunquid
751 2784 827 2846 ergo
848 2762 974 2847 pondus
997 2773 1031 2827 et
1052 2763 1176 2848 pondus
1197 2763 1258 2828 erit

305 2866 338 2928 in
368 2888 466 2930 manu
497 2864 571 2942 Dei,
597 2876 633 2927 ut
658 2862 743 2926 inter
763 2884 920 2947 pauperes
949 2874 982 2927 et
1011 2863 1125 2928 divites
1148 2863 1258 2950 inique

306 2966 480 3033 decernat?
518 2966 613 3030 Absit
638 2966 698 3029 hoc
724 2964 765 3028 ab
792 2986 842 3040 eo,
867 2965 922 3052 qui
948 2966 1058 3030 orbem
1078 2966 1203 3049 judicat
1224 2966 1259 3030 in

307 3071 469 3156 aequitate,
484 3069 538 3154 qui
554 3069 630 3154 ipsis
645 3067 767 3152 angelis
788 3089 851 3130 non
875 3068 1028 3153 pepercit,
1044 3069 1099 3155 qui
1114 3080 1261 3155 potentes

306 3183 452 3257 potenter
478 3172 580 3256 punit,
607 3170 663 3257 qui
692 3170 796 3233 aufert
820 3169 965 3253 spiritum
987 3171 1178 3256 principum,
1205 3171 1261 3257 qui

306 3283 539 3357 contemptores
569 3292 641 3335 suos
674 3270 781 3333 reddit
810 3269 975 3354 ignobiles.
1031 3272 1104 3357 Ipse
1136 3272 1262 3356 judicet

305 3395 447 3437 caussam
469 3394 569 3452 suam,
584 3382 617 3434 et
639 3370 783 3433 ecclesiae
803 3393 1003 3457 oppressores
1022 3385 1077 3437 aut
1098 3384 1262 3437 convertat

306 3489 360 3540 aut
376 3484 528 3539 conterat.
575 3476 737 3558 Pauperes
752 3494 825 3537 suos
839 3474 880 3538 ad
899 3475 1032 3559 gloriam
1049 3474 1185 3538 nominis
1200 3476 1261 3558 sui,

305 3591 400 3664 prout
422 3578 468 3641 eis
488 3575 612 3640 noverit
634 3575 794 3661 expedire,
817 3576 933 3642 liberet
952 3589 985 3643 et
1004 3577 1117 3663 eripiat
1138 3600 1158 3641 a
1178 3577 1261 3642 facie

304 3677 402 3759 gladii
425 3675 633 3752 imminentis,
657 3698 698 3739 ne
723 3676 851 3761 quando
871 3676 979 3741 dicant
993 3695 1118 3762 gentes,
1139 3680 1199 3742 Uoi
1220 3690 1264 3742 est

306 3782 392 3841 Deus
406 3778 532 3842 eorum?
570 3778 699 3844 Patiens
715 3778 846 3865 quidem
865 3780 1142 3845 Cantuariensium
1160 3781 1260 3860 Deus,

304 3878 360 3945 sed
392 3879 476 3942 idem
506 3881 614 3964 procul
641 3882 739 3945 dubio
764 3882 965 3946 fidelissimus
991 3883 1170 3948 retributor.
1217 3883 1261 3947 Et

304 3983 434 4071 quidem
451 4004 522 4066 spes
544 3993 588 4058 et,
605 3986 690 4068 quod
714 4008 777 4048 non
798 3987 853 4050 diu
877 3987 1003 4050 differet
1023 3987 1187 4062 ultionem,
1204 3986 1261 4051 sed

304 4085 551 4151 comminabitur
573 4084 605 4148 in
628 4085 726 4151 brevi.
775 4086 817 4151 Et
831 4088 891 4151 nisi
912 4111 969 4173 per
988 4088 1208 4173 poenitentiam
1224 4098 1259 4152 et

302 4190 547 4255 satisfactionem
556 4202 768 4278 persequutor
777 4191 920 4255 ecclesiae
930 4191 1139 4256 declinaverit
1148 4191 1259 4274 ictum,

302 4290 433 4355 ferietur
447 4291 705 4377 irreparabiliter,
721 4303 754 4355 et
769 4291 829 4355 erit
844 4290 968 4355 saeculis
983 4291 1015 4353 in
1032 4290 1226 4377 exemplum.
