3034 5200
279 713 385 791 mu]
660 731 841 776 ammona.
1162 718 1224 778 233

274 878 380 960 potius
396 875 593 966 expurgetur
608 893 640 944 et
657 880 798 944 veritate.
846 881 907 943 Sex
931 880 1003 943 anni
1019 881 1085 944 iere
1104 876 1225 946 evoluti

239 1055 245 1068 ε
273 992 359 1056 sunt,
389 1005 428 1044 ex
452 1006 517 1067 quo
539 1005 597 1068 pro
622 982 751 1067 justitia
779 980 976 1066 proscriptus
998 980 1107 1045 exulat
1130 995 1222 1066 pater

272 1095 374 1144 vester
404 1083 512 1148 inultis
535 1097 567 1148 et
597 1084 719 1168 magnis
748 1094 889 1147 arctatus
916 1083 1082 1167 angustiis,
1111 1082 1221 1148 multis

273 1180 439 1267 utriusque
454 1207 548 1249 sexus
562 1196 593 1248 et
609 1184 768 1269 cujusque
784 1182 886 1248 aetatis
899 1183 1085 1247 coexulibus
1102 1184 1222 1248 Christi

270 1279 384 1345 scilicet
410 1285 603 1370 pauperibus
625 1299 783 1350 oneratus.
835 1288 881 1348 Et
904 1283 983 1370 quid
1007 1285 1036 1348 ei
1059 1286 1109 1348 vel
1131 1291 1223 1350 coex'-

271 1381 435 1448 ulantibus
450 1386 508 1450 sibi
524 1397 612 1450 tanto
627 1400 767 1471 tempore
775 1382 1001 1472 impenderitis,
1019 1385 1136 1470 siquid
1152 1398 1221 1450 tan-

269 1493 336 1546 tum
368 1507 386 1547 a
410 1487 560 1550 memoria
586 1498 691 1550 vestra
715 1485 855 1572 elapsum
879 1509 1031 1550 essenon
1059 1487 1221 1551 arbitror?

272 1584 339 1647 Ubi
354 1586 481 1650 interim
499 1590 633 1674 (quaeso)
649 1589 787 1652 caritas?
812 1588 865 1653 ubi
880 1592 994 1650 amor?
1026 1589 1080 1652 ubi
1096 1589 1221 1653 affectio
1286 1582 1288 1587 ¹

266 1681 399 1751 iilialis?
424 1690 518 1764 Nam,
531 1703 566 1755 ut
582 1691 627 1754 ait
636 1712 693 1774 per
704 1711 858 1774 organum
872 1709 965 1752 suum
981 1689 1120 1775 Spiritus
1132 1712 1219 1754 sanc·

271 1799 333 1865 tus,
343 1789 490 1872 probatio
504 1790 681 1855 dilectionis
693 1788 850 1854 exhibitio
865 1788 970 1874 operis
985 1803 1045 1855 est:
1061 1802 1093 1854 et
1108 1791 1218 1854 eodem

270 1902 392 1977 constat
407 1904 547 1969 auctore,
568 1914 706 1955 amorem
727 1913 789 1954 nou
802 1912 896 1976 posse
910 1890 1015 1955 ociari.
1063 1890 1124 1954 Sed
1139 1913 1221 1975 prae-

270 1990 399 2055 tenditis
420 1993 558 2078 publicae
580 1993 747 2079 potestatis
769 1991 862 2068 vires,
884 1989 1055 2055 satellitum
1078 1991 1219 2070 insidias,
1281 2027 1283 2031 ·

268 2106 299 2156 et
313 2105 433 2157 metum
458 2095 595 2178 justum,
620 2118 659 2158 ue
687 2094 793 2158 locum
824 2091 998 2177 perderetis
1027 2104 1059 2158 et
1081 2105 1219 2176 gentem.

268 2194 365 2258 Plane
381 2219 505 2281 magnas
522 2210 607 2274 sunt,
630 2212 662 2262 et
679 2197 800 2261 utinam
826 2217 948 2280 magnae
966 2193 1028 2259 sint
1049 2218 1172 2281 semper
1187 2195 1219 2259 in

268 2299 408 2360 Domino
437 2302 519 2363 vires
548 2300 645 2382 regiae
668 2298 854 2383 potestatis:
886 2296 941 2360 sed
969 2318 1031 2360 non
1057 2310 1156 2362 tantae
1184 2311 1220 2363 ut

266 2402 377 2462 *ornnes
393 2413 512 2464 vestras
534 2401 715 2464 cohiberent
735 2401 914 2485 impensas:
940 2422 1018 2483 quas
1033 2399 1087 2463 ubi
1103 2400 1220 2485 saepius

268 2497 1220 2586 fecerintquipoterantquisquisdiffiteaturveritasnovit,et

268 2601 502 2666 fortasseetiam
514 2616 586 2669 ante
598 2603 681 2667 diem
694 2604 824 2667 Domini
834 2601 1028 2687 quandoque
1038 2603 1147 2666 saltem
1161 2625 1219 2688 pro

183 2755 188 2765 .
268 2717 358 2787 parte
365 2706 567 2771 revelabitur.
584 2710 657 2771 Hoc
666 2705 884 2773 indubitanter
894 2703 1040 2783 dixerim,
1055 2703 1219 2770 Christum

268 2826 443 2891 numquam
473 2806 673 2892 puniturum,
704 2828 762 2869 nec
790 2804 932 2868 homines
966 2801 1162 2887 culpaturos,
1192 2803 1218 2867 si

268 2907 389 2991 aliquid
411 2908 648 2993 subtraxissetis
668 2902 844 2972 necessitati
865 2918 979 2969 vestrae
994 2927 1032 2968 ne
1047 2904 1124 2969 dum
1140 2904 1219 2968 deli·

183 3019 185 3023 '
268 3008 333 3089 ciis,
357 3011 444 3094 quod
466 3012 566 3096 possit
590 3010 710 3075 Christi
729 3006 926 3095 pauperibus
951 3029 1009 3092 pro
1030 3006 1157 3092 justitia
1186 3020 1219 3071 et

268 3109 415 3175 libertate
430 3111 568 3176 ecclesiae
576 3111 789 3177 exulantibus
799 3110 943 3194 erogari:
966 3108 1025 3173 uisi
1035 3109 1118 3173 forte
1133 3109 1219 3195 quis-

268 3212 353 3295 piam
363 3211 471 3277 credat
486 3216 593 3277 Deum
607 3214 639 3277 in
649 3225 792 3277 extremo
806 3211 949 3277 examine
962 3210 1218 3297 glorificaturum

268 3312 338 3375 illos
352 3314 410 3397 qui
425 3312 608 3400 duplicibus
622 3315 726 3380 induti
741 3326 827 3393 sunt,
841 3325 874 3378 et
888 3312 1059 3399 epulantur
1074 3313 1218 3398 quotidie

269 3414 443 3499 splendide.
495 3416 649 3482 Sathanas
679 3416 786 3482 votivo
814 3414 943 3500 pietatis
971 3414 1097 3480 affectui
1127 3414 1218 3480 satel-

269 3515 359 3580 litum
392 3517 566 3583 miuisterio
595 3518 712 3584 multas
742 3505 878 3582 tetendit
899 3516 1049 3579 insidias:
1081 3515 1137 3579 sed
1165 3538 1218 3580 eas

264 3615 444 3703 aliquorum
468 3619 546 3684 fides
568 3633 599 3685 et
629 3617 795 3704 diligentia
816 3616 888 3681 licet
910 3637 1085 3700 paucorum
1107 3616 1216 3680 evasit.

267 3720 360 3795 Quod
377 3743 433 3784 vos
455 3721 580 3786 facilius
595 3722 738 3807 potuisse
761 3718 906 3802 conjicio,
922 3715 946 3780 si
966 3715 1096 3800 quando
1120 3714 1217 3780 fuisse

181 3811 185 3820 ’
246 3814 467 3887 attentatum.
512 3823 647 3888 Utinam
669 3824 821 3909 pietatem
845 3828 981 3882 vestram
1003 3816 1114 3880 saltem
1129 3816 1218 3882 volu-

265 3923 325 3987 isse
337 3926 570 4011 cujuscumque
579 3927 683 4010 operis
695 3921 875 3987 testimonio
886 3918 1025 3985 convinci
1039 3918 1195 4005 potuisset
1208 3918 1215 3982 !

264 4028 417 4110 Superest
434 4041 471 4092 ut
487 4027 528 4091 de
539 4028 652 4093 timore
669 4024 759 4088 vobis
775 4021 939 4107 apostolus
955 4020 1075 4085 Christi
1088 4041 1219 4104 respon-

266 4124 349 4206 deat,
366 4130 516 4212 quoniam
541 4128 637 4194 timor
652 4131 711 4192 iste
726 4148 788 4189 non
804 4134 851 4187 est
865 4124 898 4187 in
913 4122 1054 4187 caritate.
1106 4121 1129 4182 J
1132 4119 1217 4185 udaei

266 4250 305 4290 ne
320 4231 425 4291 locum
440 4240 471 4292 et
486 4242 617 4313 gentum
633 4227 814 4313 perderent,
827 4223 1005 4301 Christum,
1020 4234 1056 4285 ut
1067 4218 1216 4299 recolitis,

265 4329 460 4409 occiderunt,
476 4346 507 4395 et
522 4353 559 4394 eo
573 4329 653 4416 ipso,
667 4327 757 4413 quod
780 4326 915 4422 maxime
931 4323 1077 4390 volebant
1093 4319 1216 4398 evitari,
