3034 5200
310 1139 458 1202 INDEX
481 1138 811 1203 EPISTOLARUM
835 1138 1200 1203 ALPHABETICUS.
1239 1211 1244 1220 Ι

312 1431 335 1477 A
352 1430 465 1493 designat
475 1429 581 1479 ordinem
591 1430 663 1477 hu‘us
674 1430 795 1478 editionis.

313 1493 336 1540 Β
353 1494 412 1542 edit.
426 1494 504 1542 Paris.
515 1508 609 1540 necnon
621 1447 685 1542 diibl.
700 1494 770 1542 Patr.

313 1557 333 1604 C
351 1558 403 1605 cod.
417 1558 472 1607 MS.
485 1558 566 1605 Paris.
576 1559 648 1604 8662.

313 1620 337 1667 D
354 1621 406 1670 cod.
419 1622 475 1671 MS.
488 1621 567 1668 Paris.
577 1623 649 1667 8626.

312 1685 334 1732 Ε
352 1685 405 1733 cod.
417 1686 473 1735 MS.
486 1685 566 1734 Oxou.
579 1683 650 1732 Bodl.
660 1682 717 1742 937,
728 1686 769 1745 qui
781 1685 805 1733 in
817 1691 919 1746 quotuor
929 1691 1011 1749 partes
1021 1684 1112 1733 divisus
1124 1691 1171 1734 est.

314 1747 335 1795 F
351 1748 404 1797 cod.
416 1750 472 1799 MS.
484 1749 566 1798 Oxon.
577 1747 655 1795 Douc.
668 1749 720 1796 159.
733 1749 773 1809 qui
786 1749 811 1796 in
822 1749 883 1797 duas
895 1757 976 1808 partes
986 1754 1025 1796 est
1036 1749 1135 1796 divisus.

280 1874 295 1922 d
314 1811 339 1859 G
351 1811 411 1922 lllit.
430 1819 455 1860 et
473 1828 510 1876 ep.
528 1811 562 1860 D.
579 1811 679 1860 Thomae
700 1812 738 1859 ed.
761 1812 845 1861 Bruss.
863 1828 917 1874 quoe
935 1814 960 1860 in
979 1813 1084 1875 quinque
1101 1812 1174 1860 libros
1192 1819 1231 1861 est

296 1875 350 1922 istri
368 1884 417 1922 uta.

313 1937 341 1986 H
358 1939 410 1988 cod.
423 1940 478 1988 MS.
491 1940 572 2002 Paris,
584 1940 656 1986 4839.

313 2002 328 2049 I
345 2003 397 2052 cod.
410 2004 467 2052 MS.
479 2003 559 2053 Poris.
570 2003 642 2050 48:39.

312 2064 339 2112 Κ
355 2066 408 2116 cod.
420 2068 476 2116 MS.
485 2067 555 2115 Bodl.
567 2066 634 2113 Cave
646 2064 701 2113 159.

314 2129 336 2176 1.
353 2130 406 2177 cod.
420 2131 475 2179 MS.
486 2131 554 2180 Mus.
564 2129 627 2178 Brit.

313 2192 343 2240 M
360 2194 413 2242 cod.
425 2195 481 2243 MS.
492 2210 546 2258 epp.
558 2193 591 2240 D.
603 2191 703 2241 Thomae
716 2191 847 2249 Lambeth,
860 2192 914 2240 169.

314 2256 340 2304 N
359 2256 461 2306 Reoneil
473 2259 514 2306 des
527 2257 675 2317 Historiens‚
687 2256 808 2318 Bouquet.
819 2257 867 2306 vol.
877 2258 929 2307 xri.
939 2274 963 2322 p.
973 2258 1030 2307 489.
1042 2259 1089 2306 dcc.

313 2319 335 2367 Ο
353 2321 405 2370 cod.
418 2321 474 2370 MS.
485 2320 589 2369 Cantsb.
604 2320 665 2367 Bibl.
677 2318 740 2366 Pub.
752 2321 785 2377 Ii,
796 2322 821 2367 2.
831 2325 871 2370 31.

314 2383 337 2430 Ρ
353 2384 406 2432 cod.
425 2384 481 2434 MS.
498 2385 580 2432 Oxou.
597 2382 659 2432 Coll.
676 2381 701 2429 S.
723 2383 796 2432 Joun.
813 2384 876 2447 Bap.
899 2386 953 2434 126.
987 2384 1019 2431 In
1038 2384 1121 2432 codice
1140 2383 1172 2446 P,
1189 2385 1230 2445 qui

283 2447 386 2509 scriptus
402 2447 476 2496 luisse
491 2447 574 2495 statim
590 2452 646 2508 post
662 2451 761 2493 mortem
773 2447 877 2495 Josnnis
889 2446 1077 2496 Saresberiensis
1088 2447 1192 2509 videtur,
1203 2453 1229 2495 et

284 2523 400 2572 excerpta
417 2515 514 2558 tantum
533 2511 650 2568 continet,
669 2511 776 2557 occurrit
792 2511 875 2559 titulus
895 2512 935 2572 qui
953 2512 1063 2571 sequitur
1084 2511 1230 2558 rubricatus.

282 2573 406 2637 “Incipit
422 2574 590 2639 compendiosa
608 2571 733 2621 defloratio
750 2589 783 2623 ex
798 2575 859 2623 libro
875 2575 1038 2638 epistolarum¹
1050 2573 1167 2637 Magistri
1185 2574 1230 2622 Jo-

282 2638 369 2687 hsnnis
380 2638 570 2687 Saresberiensis
581 2638 621 2699 qui
633 2636 782 2699 postmodum
792 2639 838 2686 fuit
850 2640 975 2701 episcopus
985 2639 1150 2700 Carnotensis,
1158 2652 1231 2699 super

282 2716 357 2750 causa
367 2702 431 2750 beati
444 2703 545 2750 Thomae
558 2701 685 2762 Martyris,
697 2715 712 2747 a
723 2702 835 2750 Guidoue
851 2703 937 2750 Priore
952 2702 1091 2749 Suwicense
1102 2701 1231 2763 diligenter
1269 2702 1271 2706 ’

281 2771 406 2828 excerpta.
440 2766 500 2825 Quoe
516 2764 622 2813 studiose
639 2763 731 2811 dictare
747 2766 882 2813 volentibus
898 2772 948 2813 tum
965 2781 1008 2829 pro
1019 2764 1089 2812 modo
1100 2763 1230 2818 scribendi,

282 2834 333 2876 tum
350 2844 392 2890 pro
408 2830 583 2878 sententiarum
594 2827 727 2889 elegantis,
739 2833 791 2875 tum
807 2844 850 2892 pro
866 2844 942 2877 csusa
956 2828 1091 2893 praescripti
1109 2828 1230 2890 Martyris

282 2890 437 2948 declaranda,
456 2908 503 2941 non
521 2892 568 2939 erit
582 2890 684 2937 inutilis.
718 2891 854 2940 Praedictus
870 2899 951 2940 sutem
968 2892 1028 2939 liber
1044 2890 1198 2954 epistolarum
1216 2906 1231 2937 a

279 2957 416 3019 praescripto
438 2957 562 3017 Magistro
583 2954 696 3002 Johsnne
717 2960 773 3018 post
794 2956 887 3018 praefsti
909 2955 1024 3017 martyris
1046 2954 1181 3017 passionem
1204 2954 1230 3001 in

279 3034 353 3066 unum
362 3034 447 3081 corpus
459 3020 588 3080 diligenter
599 3024 624 3065 et
633 3017 739 3065 breviter
749 3023 787 3066 est
798 3020 913 3067 collectus
923 3020 980 3067 etin
992 3022 1095 3080 quotuor
1109 3017 1231 3064 volumina

279 3081 413 3130 luculenter
430 3098 459 3131 ac
469 3080 576 3129 studiose
587 3080 685 3129 divisus.
718 3081 795 3129 Porro
811 3083 837 3130 in
853 3082 959 3146 ejusdem
974 3082 1029 3129 libri
1046 3080 1188 3129 collectione
1204 3085 1230 3127 et

281 3144 399 3192 divisione
416 3161 445 3193 ac
462 3144 629 3193 emendatione
640 3143 694 3207 jam
705 3144 784 3193 dictus
795 3146 875 3206 Prior,
886 3152 945 3194 tuuc
964 3144 1102 3192 canonicus
1113 3142 1230 3191 Meritoni

281 3213 412 3255 memorato
425 3209 547 3270 Magistro
559 3207 668 3254 «Iohanni
679 3223 758 3257 comes
769 3209 906 3257 individuus
917 3225 947 3257 sc
958 3207 1084 3255 familiaris
1096 3206 1224 3256 adhaesit’'

313 3271 335 3330 Q
352 3271 404 3318 cod.
416 3271 471 3318 MS.
484 3270 558 3318 CCC.
571 3270 673 3318 Cantsb.

310 3333 336 3382 R
353 3333 406 3382 cod.
418 3333 473 3383 MS.
485 3331 647 3381 Α11111(1.209.

281 3557 321 3605 Ab
331 3555 381 3604 ord.
391 3570 443 3603 ves.
453 3556 484 3603 de
494 3569 533 3603 no.
546 3570 585 3617 sp.
596 3568 639 3601 vos
649 3553 733 3602 seond.
746 3556 769 3603 A
777 3555 800 3602 B
810 3555 835 3602 D
847 3557 886 3603 43.
900 3556 922 3604 0
934 3558 973 3603 60.

282 3620 321 3667 Ab
331 3620 430 3667 ineunte
441 3625 481 3667 et.
493 3634 558 3682 smp.
568 3618 636 3665 obed.
648 3620 672 3664 A
680 3617 703 3664 Β
712 3617 736 3664 D
749 3620 804 3666 104.
816 3616 839 3666 0
850 3622 891 3666 20,

281 3683 397 3747 Acceptis
407 3682 443 3732 lit.
455 3683 526 3730 amic.
538 3682 585 3732 mei
597 3680 631 3729 R.
644 3680 720 3728 Arch.
734 3682 755 3728 A
767 3684 823 3729 216.
835 3682 858 3729 Β
870 3682 926 3729 209.
938 3681 957 3727 C
970 3679 1008 3731 76.
1021 3681 1042 3728 G
1057 3681 1136 3733 1.]07.
1148 3681 1173 3728 Ν
1184 3681 1224 3726 64.

280 3747 396 3795 Actiones
407 3747 541 3808 gratiarum
552 3744 605 3792 deb.
616 3758 667 3805 par.
679 3745 826 3793 1111111288.
837 3744 951 3798 Β271.0
963 3746 1017 3790 138.
1027 3743 1049 3791 Ε
1061 3744 1156 3793 19226
1165 3746 1230 3793 380.

281 3872 319 3921 Ad
332 3873 400 3920 exilii
411 3884 436 3921 et
463 3887 498 3921 ro.
512 3886 550 3918 me
561 3886 633 3931 quum
645 3870 695 3918 nih.
707 3871 729 3918 A
741 3872 796 3916 284.
808 3870 830 3917 B
841 3870 897 3921 267.
910 3870 929 3916 C
943 3872 998 3917 134.

282 3936 321 3984 Ad
332 3937 378 3983 hoo
389 3889 477 3983 excedi.
487 3950 537 3983 ves.
549 3949 603 3995 cap.
616 3948 680 3980 omn.
693 3934 715 3981 A
726 3932 747 3978 Β
758 3932 782 3979 D
795 3936 851 3981 123.
863 3932 884 3981 0
898 3938 921 3982 l.

281 4000 320 4047 Ad
331 4000 401 4049 notit.
412 4012 463 4046 ves.
474 3998 525 4046 arb.
535 4012 601 4061 perr.
614 3998 637 4045 A
651 3996 706 4048 174.
718 3996 739 4043 Β
754 3998 808 4046 166.
820 3996 840 4043 C
851 3999 892 4044 32.

280 4062 321 4110 Ad
331 4063 420 4109 ostium
432 4062 491 4125 maj.
499 4076 551 4109 res.
561 4060 611 4123 pul.
623 4066 666 4108 tot.
678 4060 745 4108 erub.
756 4061 780 4108 A
789 4060 812 4107 Β
820 4059 845 4106 D
856 4063 897 4107 28.

280 4124 403 4173 Adversus
414 4125 469 4173 nob.
479 4126 523 4172 vir.
535 4139 596 4172 corn.
609 4123 674 4187 Rog.
687 4125 709 4171 A
720 4123 743 4170 Β
752 4122 777 4170 D
787 4126 812 4171 6.
826 4122 848 4171 Ο
860 4123 901 4175 67.

280 4187 403 4237 Adversus
416 4188 502 4237 Osber.
513 4187 597 4235 Presb.
609 4202 662 4249 sup.
675 4188 698 4235 A
707 4186 730 4233 Β
739 4186 764 4233 D
777 4187 833 4233 119.

279 4252 311 4298 AE
330 4267 384 4300 uum
397 4258 442 4314 est,
454 4250 536 4299 dilect.
548 4250 578 4297 de
589 4265 638 4298 ves.
649 4248 722 4311 gaud.
735 4250 758 4297 A
771 4250 827 4297 296.
839 4248 861 4295 Β
872 4248 928 4300 277.
942 4251 1041 4298 (14.36.
1055 4250 1076 4297 Ρ
1087 4253 1127 4297 81.

279 4318 301 4362 A
321 4320 390 4363 ectus
402 4316 432 4363 ab
443 4315 481 4364 eff.
492 4329 561 4363 conv.
572 4321 597 4362 et
607 4312 666 4376 pler.
677 4316 701 4360 A
712 4311 769 4363 274.
780 4312 803 4359 Β
814 4312 869 4364 267.
882 4312 901 4359 C
916 4316 970 4360 124.

279 4377 303 4425 A
314 4378 402 4429 linibus
413 4383 459 4429 ter.
471 4378 500 4425 od
512 4392 553 4425 vos
565 4376 636 4425 clsm.
648 4377 723 4438 Angl.
734 4374 795 4428 eccl.
808 4376 831 4425 A
842 4379 899 4425 311.
913 4376 934 4423 Β
944 4379 1002 4425 300.
1013 4376 1032 4425 C
1046 4376 1099 4428 167.
1112 4377 1139 4426 Ν
1150 4378 1190 4430 97.
