3034 5200
288 759 396 838 1170.]
647 775 826 820 rrrsrorm.
1174 763 1237 822 229

281 926 429 990 incedens
451 926 600 1011 episcopo
617 924 758 1010 Sagieusi
781 938 813 988 et
831 924 999 989 archidiac.
1016 927 1168 990 Cantuar.
1184 950 1234 991 oc·

281 1039 431 1091 curreret.
478 1025 540 1090 Sed
562 1037 722 1112 quatenus
740 1026 925 1112 episcopum
946 1026 1043 1089 verba
1062 1037 1094 1090 et
1118 1025 1233 1090 litterae

282 1140 395 1192 vestrae
409 1126 563 1211 obligent,
580 1127 692 1190 melius
707 1126 822 1191 nostis:
844 1138 875 1191 et
890 1128 959 1212 ipse
972 1126 1082 1191 recolit
1096 1126 1234 1212 qualiter

180 1256 183 1263 ¹
249 1225 422 1313 [ejusdem
450 1230 590 1315 episcopi
614 1228 738 1307 litteris,
761 1240 794 1293 et
815 1229 950 1293 aliorum
977 1229 1107 1292 consilio
1133 1252 1235 1317 nuper

280 1330 409 1396 delusus
432 1332 484 1406 sit,
508 1343 544 1395 ut
570 1332 669 1395 socios
691 1343 890 1411 convocaret,
904 1345 936 1395 et
952 1331 1057 1396 varias
1078 1332 1235 1396 inutiliter

280 1445 465 1518 procuraret
480 1455 645 1516 expensas.
690 1433 773 1495 Nam
790 1432 831 1496 ad
851 1433 912 1497 iter
932 1436 1092 1497 accinctus
1107 1446 1185 1510 erat,
1201 1447 1234 1498 et

279 1534 470 1618 fatigaverat
493 1534 620 1615 multoe,
635 1556 737 1621 quum
756 1533 861 1618 ipsum
876 1533 962 1597 fama
977 1532 1128 1618 vulgante
1149 1535 1230 1599 didi-

281 1634 325 1697 cit
339 1634 371 1696 in
389 1633 614 1697 Normanniam
628 1633 757 1697 redisse:
780 1633 935 1697 incertum
949 1655 988 1696 an
1003 1633 1121 1717 dignus
1137 1635 1233 1699 habe·

280 1745 369 1798 retur
385 1737 442 1821 qui
457 1734 570 1798 litteris
584 1734 714 1798 deberet
725 1745 782 1797 aut
793 1733 910 1797 nuncio
925 1734 1122 1819 praemoneri.
1155 1737 1233 1799 For-

282 1848 367 1899 tasse
382 1835 522 1899 ecclesiae
541 1835 703 1921 negotium
726 1834 805 1898 adeo
825 1835 947 1899 humile
967 1848 1027 1912 est,
1042 1848 1079 1900 ut
1096 1857 1158 1898 non
1174 1837 1234 1900 nisi

281 1934 322 1998 de
337 1934 432 2001 latere
447 1949 478 2000 et
499 1959 540 2000 ex
562 1934 716 2000 accidenti
740 1935 869 2000 tractari
886 1934 1012 2012 debeat,
1027 1948 1059 2000 et
1074 1948 1233 2001 transcur-

280 2035 424 2100 rentibus
439 2037 528 2122 tangi
542 2035 650 2122 potius
664 2058 762 2121 quam
777 2035 908 2121 expleri.
955 2036 1017 2100 Sed
1038 2035 1233 2123 quicumque

281 2159 431 2222 personas
446 2160 520 2223 quae
543 2136 717 2222 plurimum
738 2136 823 2202 laesae
844 2149 931 2213 sunt,
947 2136 1091 2222 despicit,
1107 2160 1234 2205 causam

282 2239 459 2304 meminerit
474 2262 541 2303 esse
554 2238 685 2317 Christi,
697 2237 754 2322 qui
770 2237 950 2324 comprimit
961 2237 1112 2302 elationes
1126 2240 1233 2318 maris,

281 2351 313 2403 et
337 2362 396 2424 pro
420 2339 553 2404 arbitrio
584 2362 641 2402 suu
670 2349 867 2424 potestatum
896 2337 1058 2423 dispensat
1084 2341 1234 2406 habenas.

282 2440 357 2526 Ipse
388 2442 541 2504 Cantuar.
570 2438 709 2503 ecclesiae
738 2451 893 2524 patronus
921 2453 981 2520 est,
1004 2454 1037 2507 et
1067 2442 1232 2528 inspirabit

281 2540 387 2605 animo
401 2541 521 2606 domini
544 2542 641 2627 regis,
658 2551 695 2606 ut
715 2541 871 2607 divinitus
892 2541 1047 2608 indultam
1064 2545 1125 2609 sibi
1139 2544 1234 2610 licen-

282 2644 359 2707 tiam
375 2643 567 2722 moderetur,
583 2666 723 2707 neceam
739 2665 814 2729 quae
829 2643 904 2709 satis
918 2657 950 2708 et
965 2667 1061 2731 supra
1076 2659 1107 2711 et
1122 2661 1233 2712 contra

280 2745 329 2809 fas
342 2757 374 2810 et
391 2744 520 2809 modum
543 2745 643 2831 gratis
665 2744 783 2809 afflicta
803 2758 864 2823 est,
878 2757 911 2810 et
927 2757 991 2810 tam
1006 2747 1111 2831 ipsum
1133 2771 1232 2833 quam

280 2858 490 2911 antecessores
505 2870 578 2912 suos
601 2861 754 2933 tanquam
770 2847 823 2932 pia
838 2860 940 2912 mater
954 2849 1124 2934 promovit,
1140 2836 1231 2925 aluit,

279 2961 311 3012 et
337 2948 488 3034 protexit,
516 2948 635 3032 affligat
662 2947 809 3033 amplius.
857 2948 1035 3034 Sapientior
1063 2951 1145 3014 euim
1172 2966 1234 3033 est,

281 3071 377 3134 quam
394 3061 430 3112 ut
447 3048 559 3112 salutis
575 3070 641 3111 suae
661 3046 862 3133 dispendium
878 3060 910 3113 et
925 3048 982 3113 filii
997 3051 1046 3114 sui
1062 3052 1233 3135 perniciem

279 3161 441 3236 procuret,
465 3171 569 3234 neque
595 3171 653 3212 nos
677 3148 780 3232 ignari
807 3170 917 3215 sumus
940 3151 1020 3235 quid
1045 3154 1152 3218 nuncii
1182 3156 1232 3220 sui

280 3249 464 3337 quaesieriut
479 3250 519 3313 ab
531 3248 703 3336 apostolica
718 3250 792 3314 sede
803 3250 853 3312 vel
863 3240 1070 3319 obtinuerint.
1101 3257 1233 3323 Cessent

279 3354 385 3427 minae,
409 3351 558 3436 quoniam
580 3351 710 3414 ecclesia
732 3351 795 3415 Dei
817 3375 876 3438 per
898 3353 1142 3422 misericordiam
1166 3360 1233 3445 ejus

278 3454 311 3518 in
340 3467 437 3539 portu
465 3454 605 3538 navigat,
633 3476 689 3517 nec
718 3464 766 3517 est
795 3476 814 3517 a
843 3467 942 3519 strata
971 3458 1110 3542 publica,
1137 3483 1233 3545 quam

280 3554 429 3619 Christus
450 3552 600 3632 ostendit,
618 3552 840 3634 recedendum,
859 3556 1032 3640 praesertim
1054 3558 1103 3620 his
1122 3562 1178 3642 qui
1200 3562 1233 3623 in

278 3666 367 3719 tanta
381 3654 552 3719 acerbitate
567 3653 654 3719 exilii
669 3670 733 3719 tam
750 3667 897 3739 patenter
911 3656 1036 3740 experti
1051 3670 1126 3721 sunt
1141 3658 1233 3723 mise·

278 3756 446 3821 ricordiam
462 3757 532 3821 Dei.

323 3858 440 3923 Oscula
455 3858 642 3944 promittitis
657 3872 689 3923 et
704 3861 886 3947 amplexus,
902 3860 928 3923 si
950 3882 1068 3924 morem
1084 3886 1232 3947 geramus

278 3958 409 4034 homini,
425 3974 457 4023 et
475 3963 503 4023 is
523 3960 581 4045 qui
601 3960 703 4024 forma
725 3961 979 4027 Christianorum
999 3975 1046 4027 est
1069 3964 1193 4028 audivit
1214 3988 1233 4029 a

280 4071 446 4136 tentatore,
462 4062 545 4125 Huc
560 4066 666 4127 omnia
687 4065 744 4126 tibi
767 4065 859 4143 dabo,
873 4065 904 4127 si
918 4066 1036 4127 cadens
1049 4066 1233 4131 adoraveris

280 4180 338 4222 me.
384 4160 459 4245 Ipse
477 4161 597 4244 judicet
619 4186 745 4228 causam
767 4185 867 4241 suam,
883 4176 915 4227 et
937 4165 1101 4228 dominum
1125 4164 1231 4250 'regern

279 4260 435 4343 perducat
457 4261 649 4343 adveniam,
670 4266 728 4351 qui
751 4264 994 4351 malignantium
1017 4265 1154 4329 consiliis
1175 4266 1232 4331 im-

278 4362 402 4447 pulsus,
419 4363 536 4428 innata
552 4364 757 4449 benignitatis
772 4388 870 4451 quam
884 4365 1002 4431 habere
1016 4381 1233 4450 consueverat,
