3034 5200
277 706 387 785 mu]
656 721 837 768 nersronn.
1169 709 1232 766 237

207 975 210 980 '
307 975 528 1040 EPISTOLA
552 973 860 1039 ccxcviii-an
881 990 1080 1035 nncrsrnun
1103 990 1189 1034 nnn-

542 1081 694 1139 annrnu.
742 1075 827 1155 [an.
844 1074 978 1152 1170.]Ι

353 1261 499 1324 Jounncr
514 1260 769 1326 Saresbera'eosr's
783 1258 946 1341 Mupistro
963 1255 1144 1321 Hereberto.

320 1392 457 1456 Vnsruu
471 1389 593 1454 redolet
608 1390 728 1476 pagina
745 1388 922 1469 caritatem,
937 1402 968 1454 et
991 1411 1072 1475 quas
1087 1388 1126 1453 ad
1149 1412 1232 1475 prae·

278 1516 349 1557 sens
364 1491 496 1556 reddere
518 1515 642 1577 nequeo
664 1491 794 1576 gratias,
809 1490 975 1575 diligentia
997 1490 1138 1556 studiosa
1160 1514 1233 1577 pro-

278 1597 406 1658 meruit.
451 1591 577 1657 Reddet
600 1605 706 1656 autem
731 1591 787 1677 qui
807 1603 920 1677 potens
941 1604 999 1670 est,
1013 1603 1046 1655 et
1071 1589 1125 1677 qui
1144 1591 1232 1654 cordi

279 1707 384 1758 vestro
408 1695 544 1778 gratiam
572 1691 749 1778 inspiravit,
776 1706 813 1757 ut
837 1690 986 1756 desolatis
1011 1691 1172 1768 solatium,
1199 1704 1231 1755 et

282 1795 402 1860 Christi
413 1793 645 1859 confessoribus
659 1793 803 1858 veritatis
812 1794 1028 1858 testimonium
1040 1792 1232 1879 perhiberet.

278 1896 444 1982 Siquidem
462 1895 562 1976 nobis,
573 1907 608 1960 ut
622 1894 858 1960 coexulantium
874 1906 949 1958 vota
963 1894 1114 1960 dictionis
1127 1894 1234 1979 plura-

277 1999 368 2063 litate
377 1998 563 2084 concipiam,
576 1996 729 2082 gaudium
741 2008 788 2060 est
800 2006 833 2058 et
845 1994 1013 2074 exultatio,
1025 2018 1123 2080 quum
1136 1996 1233 2060 eccle·

279 2098 334 2163 siae
358 2097 520 2162 columnas
550 2095 702 2160 adversus
731 2095 871 2180 impetus
900 2095 1153 2180 malignantium,
1178 2095 1235 2181 qui

279 2224 336 2266 nos
351 2199 383 2263 in
395 2198 481 2264 aliud
495 2197 693 2282 evangelium
706 2196 878 2260 transferre
893 2195 1078 2272 moliuntur,
1089 2188 1234 2260 videmus

279 2301 467 2377 immobiles,
491 2314 527 2365 ut
547 2299 620 2363 fidei
644 2299 855 2363 sinceritatem
874 2297 987 2383 gratiae
1007 2309 1039 2362 et
1060 2298 1235 2384 potestatui

280 2402 465 2489 praeierant,
481 2418 512 2465 et
531 2399 717 2465 traditiones
737 2397 899 2462 hominum
916 2396 1032 2463 divinae
1054 2398 1118 2482 legi
1134 2399 1235 2484 subji-

283 2502 410 2567 ciendas
424 2514 568 2589 patenter
583 2514 614 2565 et
631 2511 777 2585 potenter
796 2499 952 2564 evincant.
998 2500 1236 2565 Resistentibus

283 2606 365 2669 enim
395 2604 544 2669 facillime
576 2604 706 2683 cedunt,
734 2602 792 2689 qui
820 2602 979 2687 fugientes
1011 2603 1236 2669 instantissime

282 2718 541 2792 persequuntur;
572 2716 616 2781 et,
654 2714 805 2789 tanquam
836 2703 964 2788 praevisi
998 2702 1078 2789 lupi,
1115 2701 1235 2766 nullam

282 2808 615 2895 appropinquantibus
630 2806 779 2872 adferunt
794 2805 966 2884 laesionem,
982 2806 1007 2870 si
1022 2806 1111 2869 fraus
1125 2828 1235 2870 eorum

281 2910 440 2975 reveletur
465 2933 485 2974 a
509 2909 669 2985 fidelibus,
693 2921 725 2973 et
751 2920 906 2994 arguatur
930 2930 949 2971 a
974 2907 1102 2971 lumine.
1149 2907 1237 2983 Quid

282 3012 364 3075 eninr
381 3011 469 3076 dedit
484 3016 525 3075 ab
539 3011 629 3075 initio
641 3033 761 3075 cornua
775 3009 944 3098 peccatori,
955 3009 1014 3073 nisi
1028 3009 1117 3095 quod
1128 3031 1237 3073 omnes

283 3112 316 3175 in
342 3113 453 3196 fugam
479 3113 561 3176 versi
588 3112 811 3197 disparuerunt
837 3136 856 3175 a
880 3111 960 3175 facie
986 3110 1181 3187 tribulantis,
1203 3123 1236 3175 et

284 3211 445 3275 ecclesiam
471 3210 666 3275 laborantem
691 3224 802 3275 contra
824 3234 873 3287 ea,
895 3234 970 3298 quae
992 3211 1052 3276 sub
1076 3225 1236 3298 praetextu

280 3315 364 3400 juris
388 3313 565 3388 inveterati,
591 3328 623 3378 et
653 3313 856 3399 antiquarum
887 3314 938 3377 vel
966 3314 1237 3400 antiquandarum

285 3414 550 3496 consuetudinum
572 3425 769 3501 praesumpta
791 3428 876 3494 sunt,
890 3436 953 3478 non
977 3427 1045 3479 erat
1068 3415 1123 3502 qni
1145 3416 1238 3502 adju·

286 3520 397 3581 varet?
431 3515 491 3579 Sed
512 3538 571 3602 pro
593 3528 680 3579 certo
702 3514 759 3601 qui
782 3526 859 3579 tunc
881 3537 949 3601 prae
970 3515 1092 3579 caeteris
1112 3516 1239 3602 placere

284 3615 478 3694 hominibus,
488 3616 585 3679 immo
600 3615 782 3680 furentibus
796 3614 998 3690 affectabant,
1014 3614 1138 3677 confusi
1153 3627 1239 3693 sunt,

284 3716 501 3804 comprehensi
521 3717 553 3779 in
575 3717 725 3803 operibus
745 3737 899 3779 manuum
924 3735 1065 3789 suarum,
1081 3726 1112 3777 et
1131 3713 1240 3779 divina

284 3829 447 3905 praeeunte
472 3830 504 3881 et
533 3817 708 3903 adjuvante
737 3815 914 3895 clementia,
939 3814 1077 3901 amplius
1106 3815 1257 3885 confun-¹

286 3919 414 4000 dentur,
428 3919 579 4005 quoniam
595 3922 684 3983 Deus
699 3916 778 3983 dum
793 3918 900 3983 taliter
914 3915 946 3979 in
962 3916 1066 4002 specie
1080 3915 1241 4001 religionis

287 4021 403 4084 versati
417 4020 549 4099 fuerint,
565 4019 685 4107 spernit
701 4019 786 4085 illos.
831 4019 925 4085 Salus
946 4031 1052 4083 autem
1067 4018 1241 4081 electorum

288 4120 414 4184 videtur
439 4134 521 4185 stare
546 4144 614 4208 prae
637 4120 772 4196 foribus,
795 4130 826 4184 et
852 4120 924 4184 Deo
946 4119 1086 4205 propitio
1107 4116 1241 4203 gloriam

287 4244 398 4286 eorum
416 4222 479 4286 cito
501 4223 803 4310 contemplabuntur
822 4221 908 4286 oculi
930 4221 1038 4298 vestri,
1053 4234 1085 4285 et
1106 4219 1240 4284 aliorum

289 4322 347 4409 qui
363 4322 570 4389 decreverunt
586 4328 656 4389 Deo
670 4325 779 4410 potius
793 4347 889 4409 quam
908 4321 1089 4388 hominibus
1104 4319 1243 4385 obedire.
