<?xml version="1.0" encoding="UTF-8"?>
<!DOCTYPE html PUBLIC "-//W3C//DTD XHTML 1.0 Transitional//EN"
    "http://www.w3.org/TR/xhtml1/DTD/xhtml1-transitional.dtd">
<html xmlns="http://www.w3.org/1999/xhtml" xml:lang="en" lang="en">
 <head>
  <title>
</title>
<meta http-equiv="Content-Type" content="text/html;charset=utf-8" />
  <meta name='ocr-system' content='tesseract 3.04.00' />
  <meta name='ocr-capabilities' content='ocr_page ocr_carea ocr_par ocr_line ocrx_word'/>
</head>
<body>
  <div class='ocr_page' id='page_1' title='image "./joannissaresber11johngoog_0071.png"; bbox 0 0 3034 5200; ppageno 0'>
   <div class='ocr_carea' id='block_1_1' title="bbox 281 708 1232 788">
    <p class='ocr_par' dir='ltr' id='par_1_1' title="bbox 281 708 1232 788">
     <span class='ocr_line' id='line_1_1' title="bbox 281 708 1232 788; baseline 0.002 -20"><span class='ocrx_word' id='word_1_1' title='bbox 281 711 323 768; x_wconf 80' lang='grc'>54</span> <span class='ocrx_word' id='word_1_2' title='bbox 525 723 663 770; x_wconf 77' lang='lat' dir='ltr'>roauurs</span> <span class='ocrx_word' id='word_1_3' title='bbox 677 724 960 770; x_wconf 79' lang='lat' dir='ltr'>sanuseuarnusrs</span> <span class='ocrx_word' id='word_1_4' title='bbox 1137 708 1181 788; x_wconf 77' lang='lat' dir='ltr'>[a.</span> <span class='ocrx_word' id='word_1_5' title='bbox 1198 726 1232 770; x_wconf 90' lang='lat' dir='ltr'>n.</span> 
     </span>
    </p>
   </div>
   <div class='ocr_carea' id='block_1_2' title="bbox 191 873 1231 4390">
    <p class='ocr_par' dir='ltr' id='par_1_2' title="bbox 191 873 1231 4086">
     <span class='ocr_line' id='line_1_2' title="bbox 279 873 1230 959; baseline 0.006 -24"><span class='ocrx_word' id='word_1_6' title='bbox 279 873 437 938; x_wconf 78' lang='lat' dir='ltr'>versitatis</span> <span class='ocrx_word' id='word_1_7' title='bbox 463 895 522 957; x_wconf 90' lang='lat' dir='ltr'>pro</span> <span class='ocrx_word' id='word_1_8' title='bbox 550 874 625 959; x_wconf 89' lang='lat' dir='ltr'>ipso</span> <span class='ocrx_word' id='word_1_9' title='bbox 652 875 786 940; x_wconf 85' lang='lat' dir='ltr'>debeam</span> <span class='ocrx_word' id='word_1_10' title='bbox 815 876 980 939; x_wconf 86' lang='lat' dir='ltr'>sustinere.</span> <span class='ocrx_word' id='word_1_11' title='bbox 1025 877 1115 939; x_wconf 85' lang='lat' dir='ltr'>Nulli</span> <span class='ocrx_word' id='word_1_12' title='bbox 1143 878 1230 941; x_wconf 90' lang='lat' dir='ltr'>enim</span> 
     </span>
     <span class='ocr_line' id='line_1_3' title="bbox 278 975 1230 1062; baseline 0.005 -25"><span class='ocrx_word' id='word_1_13' title='bbox 278 986 400 1037; x_wconf 86' lang='lat' dir='ltr'>rectum</span> <span class='ocrx_word' id='word_1_14' title='bbox 415 975 552 1060; x_wconf 78' lang='lat' dir='ltr'>sapienti</span> <span class='ocrx_word' id='word_1_15' title='bbox 567 976 655 1039; x_wconf 83' lang='lat' dir='ltr'>venit</span> <span class='ocrx_word' id='word_1_16' title='bbox 674 976 709 1038; x_wconf 91' lang='lat' dir='ltr'>in</span> <span class='ocrx_word' id='word_1_17' title='bbox 729 977 863 1041; x_wconf 93' lang='lat' dir='ltr'>dubium</span> <span class='ocrx_word' id='word_1_18' title='bbox 882 978 960 1062; x_wconf 86' lang='lat' dir='ltr'>quin</span> <span class='ocrx_word' id='word_1_19' title='bbox 974 977 1137 1041; x_wconf 86' lang='lat' dir='ltr'>affluentia</span> <span class='ocrx_word' id='word_1_20' title='bbox 1156 1000 1230 1042; x_wconf 87' lang='lat' dir='ltr'>suc·</span> 
     </span>
     <span class='ocr_line' id='line_1_4' title="bbox 279 1076 1229 1162; baseline 0.003 -23"><span class='ocrx_word' id='word_1_21' title='bbox 279 1094 424 1139; x_wconf 77' lang='lat' dir='ltr'>cestuum</span> <span class='ocrx_word' id='word_1_22' title='bbox 452 1076 568 1139; x_wconf 90' lang='lat' dir='ltr'>debeat</span> <span class='ocrx_word' id='word_1_23' title='bbox 591 1097 662 1140; x_wconf 86' lang='lat' dir='ltr'>esse</span> <span class='ocrx_word' id='word_1_24' title='bbox 691 1089 858 1161; x_wconf 85' lang='lat' dir='ltr'>suspecta3</span> <span class='ocrx_word' id='word_1_25' title='bbox 895 1099 935 1141; x_wconf 93' lang='lat' dir='ltr'>eo</span> <span class='ocrx_word' id='word_1_26' title='bbox 967 1077 1056 1162; x_wconf 91' lang='lat' dir='ltr'>quod</span> <span class='ocrx_word' id='word_1_27' title='bbox 1087 1079 1229 1142; x_wconf 89' lang='lat' dir='ltr'>mundus</span> 
     </span>
     <span class='ocr_line' id='line_1_5' title="bbox 277 1175 1226 1252; baseline 0.004 -13"><span class='ocrx_word' id='word_1_28' title='bbox 277 1175 443 1241; x_wconf 87' lang='lat' dir='ltr'>hominum</span> <span class='ocrx_word' id='word_1_29' title='bbox 458 1195 545 1241; x_wconf 91' lang='lat' dir='ltr'>more</span> <span class='ocrx_word' id='word_1_30' title='bbox 560 1177 720 1252; x_wconf 85' lang='lat' dir='ltr'>fallacium</span> <span class='ocrx_word' id='word_1_31' title='bbox 739 1181 806 1243; x_wconf 89' lang='lat' dir='ltr'>illis</span> <span class='ocrx_word' id='word_1_32' title='bbox 820 1180 898 1244; x_wconf 87' lang='lat' dir='ltr'>solis</span> <span class='ocrx_word' id='word_1_33' title='bbox 920 1180 1106 1244; x_wconf 90' lang='lat' dir='ltr'>continuato</span> <span class='ocrx_word' id='word_1_34' title='bbox 1120 1180 1226 1243; x_wconf 86' lang='lat' dir='ltr'>farore</span> 
     </span>
     <span class='ocr_line' id='line_1_6' title="bbox 276 1277 1231 1363; baseline -0.001 -21"><span class='ocrx_word' id='word_1_35' title='bbox 276 1277 449 1356; x_wconf 83' lang='lat' dir='ltr'><strong>blanditur,</strong></span> <span class='ocrx_word' id='word_1_36' title='bbox 464 1289 545 1363; x_wconf 83' lang='lat' dir='ltr'>quos</span> <span class='ocrx_word' id='word_1_37' title='bbox 557 1278 674 1362; x_wconf 83' lang='lat' dir='ltr'><strong>prodit,</strong></span> <span class='ocrx_word' id='word_1_38' title='bbox 690 1300 728 1343; x_wconf 90' lang='lat' dir='ltr'>ac</span> <span class='ocrx_word' id='word_1_39' title='bbox 753 1281 780 1342; x_wconf 89' lang='lat' dir='ltr'>si</span> <span class='ocrx_word' id='word_1_40' title='bbox 794 1278 1023 1343; x_wconf 82' lang='lat' dir='ltr'>insidiantibus</span> <span class='ocrx_word' id='word_1_41' title='bbox 1041 1279 1231 1343; x_wconf 86' lang='lat' dir='ltr'>adversariis</span> 
     </span>
     <span class='ocr_line' id='line_1_7' title="bbox 260 1379 1231 1463; baseline 0.003 -22"><span class='ocrx_word' id='word_1_42' title='bbox 260 1380 490 1462; x_wconf 87' lang='lat' dir='ltr'>potestatibus</span> <span class='ocrx_word' id='word_1_43' title='bbox 501 1382 630 1459; x_wconf 87' lang='lat' dir='ltr'>clamet,</span> <span class='ocrx_word' id='word_1_44' title='bbox 640 1379 884 1463; x_wconf 85' lang='lat' dir='ltr'><strong>Quemcumque</strong></span> <span class='ocrx_word' id='word_1_45' title='bbox 901 1382 1074 1457; x_wconf 87' lang='lat' dir='ltr'>osculatus,</span> <span class='ocrx_word' id='word_1_46' title='bbox 1085 1393 1117 1444; x_wconf 91' lang='lat' dir='ltr'>et</span> <span class='ocrx_word' id='word_1_47' title='bbox 1128 1381 1231 1444; x_wconf 82' lang='lat' dir='ltr'>amice</span> 
     </span>
     <span class='ocr_line' id='line_1_8' title="bbox 278 1479 1229 1566; baseline 0.002 -24"><span class='ocrx_word' id='word_1_48' title='bbox 278 1479 399 1544; x_wconf 86' lang='lat' dir='ltr'>diutius</span> <span class='ocrx_word' id='word_1_49' title='bbox 420 1483 623 1566; x_wconf 82' lang='lat' dir='ltr'><strong>amplexatus</strong></span> <span class='ocrx_word' id='word_1_50' title='bbox 643 1480 745 1557; x_wconf 89' lang='lat' dir='ltr'>fuero,</span> <span class='ocrx_word' id='word_1_51' title='bbox 767 1481 838 1565; x_wconf 90' lang='lat' dir='ltr'>ipse</span> <span class='ocrx_word' id='word_1_52' title='bbox 860 1481 902 1544; x_wconf 89' lang='lat' dir='ltr'>de</span> <span class='ocrx_word' id='word_1_53' title='bbox 924 1481 1067 1564; x_wconf 86' lang='lat' dir='ltr'>reprobis</span> <span class='ocrx_word' id='word_1_54' title='bbox 1088 1493 1149 1557; x_wconf 91' lang='lat' dir='ltr'>est,</span> <span class='ocrx_word' id='word_1_55' title='bbox 1166 1493 1229 1546; x_wconf 87' lang='lat' dir='ltr'>tor·</span> 
     </span>
     <span class='ocr_line' id='line_1_9' title="bbox 276 1581 1230 1666; baseline 0.001 -22"><span class='ocrx_word' id='word_1_56' title='bbox 276 1590 371 1663; x_wconf 90' lang='lat' dir='ltr'>quete</span> <span class='ocrx_word' id='word_1_57' title='bbox 393 1603 477 1647; x_wconf 90' lang='lat' dir='ltr'>enm.</span> <span class='ocrx_word' id='word_1_58' title='bbox 522 1582 622 1648; x_wconf 85' lang='lat' dir='ltr'>Unde</span> <span class='ocrx_word' id='word_1_59' title='bbox 642 1594 675 1646; x_wconf 91' lang='lat' dir='ltr'>et</span> <span class='ocrx_word' id='word_1_60' title='bbox 695 1594 851 1666; x_wconf 88' lang='lat' dir='ltr'>perpetua</span> <span class='ocrx_word' id='word_1_61' title='bbox 866 1581 996 1645; x_wconf 91' lang='lat' dir='ltr'>laudum</span> <span class='ocrx_word' id='word_1_62' title='bbox 1019 1582 1120 1662; x_wconf 84' lang='lat' dir='ltr'>gloria</span> <span class='ocrx_word' id='word_1_63' title='bbox 1141 1582 1230 1645; x_wconf 87' lang='lat' dir='ltr'>illus·</span> 
     </span>
     <span class='ocr_line' id='line_1_10' title="bbox 275 1682 1231 1765; baseline 0.002 -22"><span class='ocrx_word' id='word_1_64' title='bbox 275 1682 371 1744; x_wconf 92' lang='lat' dir='ltr'>trium</span> <span class='ocrx_word' id='word_1_65' title='bbox 393 1683 560 1747; x_wconf 88' lang='lat' dir='ltr'>doctomm</span> <span class='ocrx_word' id='word_1_66' title='bbox 583 1683 699 1747; x_wconf 88' lang='lat' dir='ltr'>doctor</span> <span class='ocrx_word' id='word_1_67' title='bbox 719 1684 903 1758; x_wconf 88' lang='lat' dir='ltr'>Anselmus,</span> <span class='ocrx_word' id='word_1_68' title='bbox 917 1691 953 1746; x_wconf 91' lang='lat' dir='ltr'>ut</span> <span class='ocrx_word' id='word_1_69' title='bbox 973 1703 993 1745; x_wconf 93' lang='lat' dir='ltr'>a</span> <span class='ocrx_word' id='word_1_70' title='bbox 1014 1683 1082 1746; x_wconf 89' lang='lat' dir='ltr'>suis</span> <span class='ocrx_word' id='word_1_71' title='bbox 1105 1683 1231 1765; x_wconf 88' lang='lat' dir='ltr'>accepi,</span> 
     </span>
     <span class='ocr_line' id='line_1_11' title="bbox 275 1779 1225 1866; baseline 0.006 -25"><span class='ocrx_word' id='word_1_72' title='bbox 275 1779 381 1842; x_wconf 86' lang='lat' dir='ltr'>dicere</span> <span class='ocrx_word' id='word_1_73' title='bbox 406 1783 584 1860; x_wconf 86' lang='lat' dir='ltr'>consuevit,</span> <span class='ocrx_word' id='word_1_74' title='bbox 605 1804 639 1844; x_wconf 88' lang='lat' dir='ltr'>se</span> <span class='ocrx_word' id='word_1_75' title='bbox 664 1781 745 1843; x_wconf 92' lang='lat' dir='ltr'>nihil</span> <span class='ocrx_word' id='word_1_76' title='bbox 768 1782 871 1861; x_wconf 86' lang='lat' dir='ltr'>magis</span> <span class='ocrx_word' id='word_1_77' title='bbox 896 1782 1015 1845; x_wconf 87' lang='lat' dir='ltr'>habere</span> <span class='ocrx_word' id='word_1_78' title='bbox 1039 1796 1225 1866; x_wconf 87' lang='lat' dir='ltr'>suspectum</span> 
     </span>
     <span class='ocr_line' id='line_1_12' title="bbox 275 1870 1229 1966; baseline 0.006 -24"><span class='ocrx_word' id='word_1_79' title='bbox 275 1870 371 1964; x_wconf 88' lang='lat' dir='ltr'>quam</span> <span class='ocrx_word' id='word_1_80' title='bbox 387 1881 474 1965; x_wconf 92' lang='lat' dir='ltr'>quod</span> <span class='ocrx_word' id='word_1_81' title='bbox 496 1904 570 1946; x_wconf 91' lang='lat' dir='ltr'>eum</span> <span class='ocrx_word' id='word_1_82' title='bbox 589 1881 683 1943; x_wconf 90' lang='lat' dir='ltr'>Deus</span> <span class='ocrx_word' id='word_1_83' title='bbox 697 1881 730 1943; x_wconf 93' lang='lat' dir='ltr'>in</span> <span class='ocrx_word' id='word_1_84' title='bbox 752 1891 820 1944; x_wconf 87' lang='lat' dir='ltr'>tota</span> <span class='ocrx_word' id='word_1_85' title='bbox 839 1882 903 1944; x_wconf 82' lang='lat' dir='ltr'>vita</span> <span class='ocrx_word' id='word_1_86' title='bbox 923 1881 1012 1944; x_wconf 91' lang='lat' dir='ltr'>nulla</span> <span class='ocrx_word' id='word_1_87' title='bbox 1033 1883 1229 1966; x_wconf 90' lang='lat' dir='ltr'>corripuerat</span> 
     </span>
     <span class='ocr_line' id='line_1_13' title="bbox 191 1981 1227 2064; baseline 0.002 -20"><span class='ocrx_word' id='word_1_88' title='bbox 191 1988 194 1995; x_wconf 84' lang='lat'>&#39;</span> <span class='ocrx_word' id='word_1_89' title='bbox 274 1981 472 2046; x_wconf 82' lang='lat' dir='ltr'>adversitate.</span> <span class='ocrx_word' id='word_1_90' title='bbox 518 1983 584 2046; x_wconf 88' lang='lat' dir='ltr'>Ubi</span> <span class='ocrx_word' id='word_1_91' title='bbox 609 1982 695 2049; x_wconf 91' lang='lat' dir='ltr'>enim</span> <span class='ocrx_word' id='word_1_92' title='bbox 721 2003 755 2045; x_wconf 91' lang='lat' dir='ltr'>se</span> <span class='ocrx_word' id='word_1_93' title='bbox 782 1990 904 2064; x_wconf 88' lang='lat' dir='ltr'>patrem</span> <span class='ocrx_word' id='word_1_94' title='bbox 931 1981 1075 2059; x_wconf 89' lang='lat' dir='ltr'>exhibet,</span> <span class='ocrx_word' id='word_1_95' title='bbox 1100 2003 1227 2046; x_wconf 94' lang='lat' dir='ltr'>omnem</span> 
     </span>
     <span class='ocr_line' id='line_1_14' title="bbox 273 2083 1229 2166; baseline 0.001 -20"><span class='ocrx_word' id='word_1_96' title='bbox 273 2083 375 2146; x_wconf 79' lang='lat' dir='ltr'>lilium</span> <span class='ocrx_word' id='word_1_97' title='bbox 390 2084 522 2166; x_wconf 80' lang='lat' dir='ltr'>corripit</span> <span class='ocrx_word' id='word_1_98' title='bbox 540 2094 573 2146; x_wconf 89' lang='lat' dir='ltr'>et</span> <span class='ocrx_word' id='word_1_99' title='bbox 586 2083 729 2165; x_wconf 85' lang='lat' dir='ltr'>castigat.</span> <span class='ocrx_word' id='word_1_100' title='bbox 772 2085 849 2166; x_wconf 89' lang='lat' dir='ltr'>Ipse</span> <span class='ocrx_word' id='word_1_101' title='bbox 864 2091 972 2145; x_wconf 91' lang='lat' dir='ltr'>autem</span> <span class='ocrx_word' id='word_1_102' title='bbox 991 2083 1079 2146; x_wconf 88' lang='lat' dir='ltr'>novit</span> <span class='ocrx_word' id='word_1_103' title='bbox 1093 2083 1229 2164; x_wconf 83' lang='lat' dir='ltr'>figmen-</span> 
     </span>
     <span class='ocr_line' id='line_1_15' title="bbox 272 2182 1224 2261; baseline -0.001 -13"><span class='ocrx_word' id='word_1_104' title='bbox 272 2195 340 2248; x_wconf 86' lang='lat' dir='ltr'>tum</span> <span class='ocrx_word' id='word_1_105' title='bbox 362 2193 506 2247; x_wconf 84' lang='lat' dir='ltr'>noatmm</span> <span class='ocrx_word' id='word_1_106' title='bbox 527 2185 580 2248; x_wconf 91' lang='lat' dir='ltr'>cui</span> <span class='ocrx_word' id='word_1_107' title='bbox 601 2193 722 2247; x_wconf 85' lang='lat' dir='ltr'>stamus</span> <span class='ocrx_word' id='word_1_108' title='bbox 742 2193 799 2247; x_wconf 90' lang='lat' dir='ltr'>aut</span> <span class='ocrx_word' id='word_1_109' title='bbox 820 2182 976 2261; x_wconf 85' lang='lat' dir='ltr'>cadimus,</span> <span class='ocrx_word' id='word_1_110' title='bbox 990 2189 1023 2244; x_wconf 90' lang='lat' dir='ltr'>et</span> <span class='ocrx_word' id='word_1_111' title='bbox 1044 2183 1165 2246; x_wconf 92' lang='lat' dir='ltr'>utinam</span> <span class='ocrx_word' id='word_1_112' title='bbox 1184 2190 1224 2247; x_wconf 88' lang='lat' dir='ltr'>eo</span> 
     </span>
     <span class='ocr_line' id='line_1_16' title="bbox 272 2281 1224 2368; baseline 0 -20"><span class='ocrx_word' id='word_1_113' title='bbox 272 2305 397 2368; x_wconf 81' lang='lat' dir='ltr'>semper</span> <span class='ocrx_word' id='word_1_114' title='bbox 406 2295 526 2348; x_wconf 80' lang='lat' dir='ltr'>stemus</span> <span class='ocrx_word' id='word_1_115' title='bbox 538 2294 675 2358; x_wconf 90' lang='lat' dir='ltr'>auctore,</span> <span class='ocrx_word' id='word_1_116' title='bbox 690 2294 722 2347; x_wconf 90' lang='lat' dir='ltr'>et</span> <span class='ocrx_word' id='word_1_117' title='bbox 735 2296 888 2368; x_wconf 83' lang='lat' dir='ltr'>prospera</span> <span class='ocrx_word' id='word_1_118' title='bbox 899 2284 949 2346; x_wconf 88' lang='lat' dir='ltr'>vel</span> <span class='ocrx_word' id='word_1_119' title='bbox 964 2281 1097 2346; x_wconf 83' lang='lat' dir='ltr'>adversa</span> <span class='ocrx_word' id='word_1_120' title='bbox 1107 2283 1224 2368; x_wconf 91' lang='lat' dir='ltr'>cuique</span> 
     </span>
     <span class='ocr_line' id='line_1_17' title="bbox 271 2382 1224 2469; baseline 0 -21"><span class='ocrx_word' id='word_1_121' title='bbox 271 2397 367 2468; x_wconf 90' lang='lat' dir='ltr'>prout</span> <span class='ocrx_word' id='word_1_122' title='bbox 381 2386 491 2451; x_wconf 85' lang='lat' dir='ltr'>electis</span> <span class='ocrx_word' id='word_1_123' title='bbox 505 2386 593 2449; x_wconf 77' lang='lat' dir='ltr'>norit</span> <span class='ocrx_word' id='word_1_124' title='bbox 607 2384 772 2469; x_wconf 85' lang='lat' dir='ltr'>expedire,</span> <span class='ocrx_word' id='word_1_125' title='bbox 787 2383 907 2448; x_wconf 88' lang='lat' dir='ltr'>salubri</span> <span class='ocrx_word' id='word_1_126' title='bbox 926 2382 1144 2448; x_wconf 85' lang='lat' dir='ltr'>moderatione</span> <span class='ocrx_word' id='word_1_127' title='bbox 1160 2385 1224 2448; x_wconf 90' lang='lat' dir='ltr'>dis·</span> 
     </span>
     <span class='ocr_line' id='line_1_18' title="bbox 271 2485 1226 2570; baseline 0.001 -22"><span class='ocrx_word' id='word_1_128' title='bbox 271 2497 394 2570; x_wconf 87' lang='lat' dir='ltr'>pensat.</span> <span class='ocrx_word' id='word_1_129' title='bbox 438 2487 489 2549; x_wconf 90' lang='lat' dir='ltr'>Ab</span> <span class='ocrx_word' id='word_1_130' title='bbox 509 2486 581 2569; x_wconf 89' lang='lat' dir='ltr'>ipso</span> <span class='ocrx_word' id='word_1_131' title='bbox 600 2487 711 2570; x_wconf 87' lang='lat' dir='ltr'>itaque</span> <span class='ocrx_word' id='word_1_132' title='bbox 727 2507 821 2570; x_wconf 85' lang='lat' dir='ltr'>spero</span> <span class='ocrx_word' id='word_1_133' title='bbox 843 2486 903 2549; x_wconf 86' lang='lat' dir='ltr'>riae</span> <span class='ocrx_word' id='word_1_134' title='bbox 922 2485 1019 2570; x_wconf 88' lang='lat' dir='ltr'>hujus</span> <span class='ocrx_word' id='word_1_135' title='bbox 1034 2497 1068 2548; x_wconf 90' lang='lat' dir='ltr'>et</span> <span class='ocrx_word' id='word_1_136' title='bbox 1086 2493 1226 2570; x_wconf 86' lang='lat' dir='ltr'>expecto</span> 
     </span>
     <span class='ocr_line' id='line_1_19' title="bbox 270 2585 1223 2671; baseline 0 -21"><span class='ocrx_word' id='word_1_137' title='bbox 270 2608 458 2671; x_wconf 86' lang='lat' dir='ltr'>processum</span> <span class='ocrx_word' id='word_1_138' title='bbox 473 2596 709 2669; x_wconf 85' lang='lat' dir='ltr'>acceptaturus,</span> <span class='ocrx_word' id='word_1_139' title='bbox 724 2608 765 2650; x_wconf 92' lang='lat' dir='ltr'>eo</span> <span class='ocrx_word' id='word_1_140' title='bbox 779 2585 972 2670; x_wconf 86' lang='lat' dir='ltr'>propitiante</span> <span class='ocrx_word' id='word_1_141' title='bbox 987 2585 1075 2671; x_wconf 92' lang='lat' dir='ltr'>quod</span> <span class='ocrx_word' id='word_1_142' title='bbox 1089 2585 1223 2650; x_wconf 89' lang='lat' dir='ltr'>dederit.</span> 
     </span>
     <span class='ocr_line' id='line_1_20' title="bbox 268 2687 1221 2770; baseline -0.003 -17"><span class='ocrx_word' id='word_1_143' title='bbox 268 2689 366 2753; x_wconf 92' lang='lat' dir='ltr'>Plura</span> <span class='ocrx_word' id='word_1_144' title='bbox 388 2700 494 2753; x_wconf 87' lang='lat' dir='ltr'>autem</span> <span class='ocrx_word' id='word_1_145' title='bbox 517 2696 551 2751; x_wconf 88' lang='lat' dir='ltr'>et</span> <span class='ocrx_word' id='word_1_146' title='bbox 573 2689 708 2752; x_wconf 90' lang='lat' dir='ltr'>certiora</span> <span class='ocrx_word' id='word_1_147' title='bbox 732 2688 868 2751; x_wconf 90' lang='lat' dir='ltr'>scribam</span> <span class='ocrx_word' id='word_1_148' title='bbox 892 2708 990 2770; x_wconf 92' lang='lat' dir='ltr'>quum</span> <span class='ocrx_word' id='word_1_149' title='bbox 1013 2687 1221 2750; x_wconf 87' lang='lat' dir='ltr'>innotuerint.</span> 
     </span>
     <span class='ocr_line' id='line_1_21' title="bbox 270 2787 1223 2875; baseline -0.005 -20"><span class='ocrx_word' id='word_1_150' title='bbox 270 2789 402 2855; x_wconf 88' lang='lat' dir='ltr'>Interim</span> <span class='ocrx_word' id='word_1_151' title='bbox 413 2812 509 2875; x_wconf 90' lang='lat' dir='ltr'>super</span> <span class='ocrx_word' id='word_1_152' title='bbox 519 2799 605 2854; x_wconf 91' lang='lat' dir='ltr'>statu</span> <span class='ocrx_word' id='word_1_153' title='bbox 615 2799 728 2868; x_wconf 87' lang='lat' dir='ltr'>restro,</span> <span class='ocrx_word' id='word_1_154' title='bbox 738 2810 833 2872; x_wconf 93' lang='lat' dir='ltr'>quem</span> <span class='ocrx_word' id='word_1_155' title='bbox 844 2789 935 2850; x_wconf 86' lang='lat' dir='ltr'>Deus</span> <span class='ocrx_word' id='word_1_156' title='bbox 947 2788 1104 2870; x_wconf 88' lang='lat' dir='ltr'>optimum</span> <span class='ocrx_word' id='word_1_157' title='bbox 1115 2787 1223 2864; x_wconf 85' lang='lat' dir='ltr'>faciat,</span> 
     </span>
     <span class='ocr_line' id='line_1_22' title="bbox 269 2889 1222 2971; baseline -0.002 -15"><span class='ocrx_word' id='word_1_158' title='bbox 269 2895 428 2958; x_wconf 89' lang='lat' dir='ltr'>certiorari</span> <span class='ocrx_word' id='word_1_159' title='bbox 457 2893 650 2971; x_wconf 83' lang='lat' dir='ltr'>desiderans,</span> <span class='ocrx_word' id='word_1_160' title='bbox 675 2901 709 2956; x_wconf 91' lang='lat' dir='ltr'>et</span> <span class='ocrx_word' id='word_1_161' title='bbox 733 2912 827 2955; x_wconf 89' lang='lat' dir='ltr'>orans</span> <span class='ocrx_word' id='word_1_162' title='bbox 856 2889 1018 2964; x_wconf 88' lang='lat' dir='ltr'>attentius,</span> <span class='ocrx_word' id='word_1_163' title='bbox 1044 2899 1080 2952; x_wconf 90' lang='lat' dir='ltr'>ut</span> <span class='ocrx_word' id='word_1_164' title='bbox 1108 2891 1222 2954; x_wconf 86' lang='lat' dir='ltr'>vestris</span> 
     </span>
     <span class='ocr_line' id='line_1_23' title="bbox 270 2991 1222 3057; baseline 0 -3"><span class='ocrx_word' id='word_1_165' title='bbox 270 2993 506 3056; x_wconf 90' lang='lat' dir='ltr'>recurrentibus</span> <span class='ocrx_word' id='word_1_166' title='bbox 525 2994 640 3057; x_wconf 88' lang='lat' dir='ltr'>litteris</span> <span class='ocrx_word' id='word_1_167' title='bbox 654 2994 733 3057; x_wconf 89' lang='lat' dir='ltr'>mibi</span> <span class='ocrx_word' id='word_1_168' title='bbox 755 2992 886 3056; x_wconf 87' lang='lat' dir='ltr'>fidelius</span> <span class='ocrx_word' id='word_1_169' title='bbox 901 2991 1090 3055; x_wconf 82' lang='lat' dir='ltr'>innotescat.</span> <span class='ocrx_word' id='word_1_170' title='bbox 1133 2992 1180 3055; x_wconf 78' lang='lat' dir='ltr'>ut</span> <span class='ocrx_word' id='word_1_171' title='bbox 1194 2992 1222 3055; x_wconf 87' lang='lat' dir='ltr'>si</span> 
     </span>
     <span class='ocr_line' id='line_1_24' title="bbox 270 3091 1221 3175; baseline 0.002 -20"><span class='ocrx_word' id='word_1_172' title='bbox 270 3092 361 3174; x_wconf 87' lang='lat' dir='ltr'>pacis</span> <span class='ocrx_word' id='word_1_173' title='bbox 377 3113 454 3154; x_wconf 85' lang='lat' dir='ltr'>meae</span> <span class='ocrx_word' id='word_1_174' title='bbox 470 3091 603 3154; x_wconf 86' lang='lat' dir='ltr'>formam</span> <span class='ocrx_word' id='word_1_175' title='bbox 619 3094 759 3175; x_wconf 87' lang='lat' dir='ltr'>aliquam</span> <span class='ocrx_word' id='word_1_176' title='bbox 774 3094 844 3157; x_wconf 88' lang='lat' dir='ltr'>sine</span> <span class='ocrx_word' id='word_1_177' title='bbox 859 3092 1065 3156; x_wconf 75' lang='lat' dir='ltr'>conscientiae</span> <span class='ocrx_word' id='word_1_178' title='bbox 1080 3093 1221 3157; x_wconf 75' lang='lat' dir='ltr'>etfama</span> 
     </span>
     <span class='ocr_line' id='line_1_25' title="bbox 268 3193 1222 3279; baseline 0.002 -23"><span class='ocrx_word' id='word_1_179' title='bbox 268 3193 440 3276; x_wconf 86' lang='lat' dir='ltr'>dispendio</span> <span class='ocrx_word' id='word_1_180' title='bbox 461 3193 630 3275; x_wconf 86' lang='lat' dir='ltr'>potueritis</span> <span class='ocrx_word' id='word_1_181' title='bbox 651 3197 830 3274; x_wconf 87' lang='lat' dir='ltr'>explorare,</span> <span class='ocrx_word' id='word_1_182' title='bbox 846 3216 917 3259; x_wconf 91' lang='lat' dir='ltr'>eam</span> <span class='ocrx_word' id='word_1_183' title='bbox 935 3198 1029 3260; x_wconf 83' lang='lat' dir='ltr'>laetus</span> <span class='ocrx_word' id='word_1_184' title='bbox 1046 3197 1222 3279; x_wconf 86' lang='lat' dir='ltr'>excipiam,</span> 
     </span>
     <span class='ocr_line' id='line_1_26' title="bbox 268 3292 1221 3379; baseline 0.002 -21"><span class='ocrx_word' id='word_1_185' title='bbox 268 3304 302 3358; x_wconf 88' lang='lat' dir='ltr'>et</span> <span class='ocrx_word' id='word_1_186' title='bbox 328 3293 477 3377; x_wconf 89' lang='lat' dir='ltr'>quatinus</span> <span class='ocrx_word' id='word_1_187' title='bbox 499 3292 623 3355; x_wconf 92' lang='lat' dir='ltr'>licitum</span> <span class='ocrx_word' id='word_1_188' title='bbox 647 3294 740 3355; x_wconf 85' lang='lat' dir='ltr'>fuerit</span> <span class='ocrx_word' id='word_1_189' title='bbox 764 3306 797 3357; x_wconf 89' lang='lat' dir='ltr'>et</span> <span class='ocrx_word' id='word_1_190' title='bbox 818 3296 1001 3372; x_wconf 89' lang='lat' dir='ltr'>honestum,</span> <span class='ocrx_word' id='word_1_191' title='bbox 1023 3297 1119 3359; x_wconf 91' lang='lat' dir='ltr'>etiam</span> <span class='ocrx_word' id='word_1_192' title='bbox 1141 3297 1221 3379; x_wconf 88' lang='lat' dir='ltr'>ipsis</span> 
     </span>
     <span class='ocr_line' id='line_1_27' title="bbox 267 3391 1220 3477; baseline 0 -19"><span class='ocrx_word' id='word_1_193' title='bbox 267 3394 455 3459; x_wconf 87' lang='lat' dir='ltr'>adversariis</span> <span class='ocrx_word' id='word_1_194' title='bbox 473 3391 608 3477; x_wconf 87' lang='lat' dir='ltr'>(quibus</span> <span class='ocrx_word' id='word_1_195' title='bbox 630 3393 720 3455; x_wconf 90' lang='lat' dir='ltr'>Deus</span> <span class='ocrx_word' id='word_1_196' title='bbox 743 3391 859 3473; x_wconf 83' lang='lat' dir='ltr'>dignos</span> <span class='ocrx_word' id='word_1_197' title='bbox 879 3394 1077 3475; x_wconf 84' lang='lat' dir='ltr'>poenitentiae</span> <span class='ocrx_word' id='word_1_198' title='bbox 1099 3394 1220 3477; x_wconf 85' lang='lat' dir='ltr'>fructus</span> 
     </span>
     <span class='ocr_line' id='line_1_28' title="bbox 266 3492 1220 3578; baseline -0.002 -19"><span class='ocrx_word' id='word_1_199' title='bbox 266 3494 419 3577; x_wconf 85' lang='lat' dir='ltr'>largiatur</span> <span class='ocrx_word' id='word_1_200' title='bbox 433 3494 474 3557; x_wconf 92' lang='lat' dir='ltr'>ad</span> <span class='ocrx_word' id='word_1_201' title='bbox 496 3494 606 3570; x_wconf 71' lang='lat' dir='ltr'>sitam)</span> <span class='ocrx_word' id='word_1_202' title='bbox 623 3493 762 3557; x_wconf 91' lang='lat' dir='ltr'>libenter</span> <span class='ocrx_word' id='word_1_203' title='bbox 783 3492 1022 3576; x_wconf 89' lang='lat' dir='ltr'>obtemperabo.</span> <span class='ocrx_word' id='word_1_204' title='bbox 1066 3494 1220 3578; x_wconf 82' lang='lat' dir='ltr'>Alioquin</span> 
     </span>
     <span class='ocr_line' id='line_1_29' title="bbox 265 3591 1218 3681; baseline 0.001 -21"><span class='ocrx_word' id='word_1_205' title='bbox 265 3618 333 3660; x_wconf 90' lang='lat' dir='ltr'>non</span> <span class='ocrx_word' id='word_1_206' title='bbox 349 3611 397 3661; x_wconf 89' lang='lat' dir='ltr'>est</span> <span class='ocrx_word' id='word_1_207' title='bbox 410 3598 443 3661; x_wconf 92' lang='lat' dir='ltr'>in</span> <span class='ocrx_word' id='word_1_208' title='bbox 458 3595 624 3681; x_wconf 85' lang='lat' dir='ltr'>proposito</span> <span class='ocrx_word' id='word_1_209' title='bbox 639 3616 710 3659; x_wconf 92' lang='lat' dir='ltr'>meo</span> <span class='ocrx_word' id='word_1_210' title='bbox 725 3604 770 3666; x_wconf 87' lang='lat' dir='ltr'>ut,</span> <span class='ocrx_word' id='word_1_211' title='bbox 781 3614 841 3677; x_wconf 93' lang='lat' dir='ltr'>pro</span> <span class='ocrx_word' id='word_1_212' title='bbox 855 3594 1036 3677; x_wconf 88' lang='lat' dir='ltr'>peponibus</span> <span class='ocrx_word' id='word_1_213' title='bbox 1047 3591 1218 3680; x_wconf 82' lang='lat' dir='ltr'>AEgyptio·</span> 
     </span>
     <span class='ocr_line' id='line_1_30' title="bbox 265 3695 1219 3775; baseline 0.003 -15"><span class='ocrx_word' id='word_1_214' title='bbox 265 3718 334 3761; x_wconf 94' lang='lat' dir='ltr'>rum</span> <span class='ocrx_word' id='word_1_215' title='bbox 350 3707 382 3760; x_wconf 89' lang='lat' dir='ltr'>et</span> <span class='ocrx_word' id='word_1_216' title='bbox 400 3699 492 3775; x_wconf 88' lang='lat' dir='ltr'>alliis,</span> <span class='ocrx_word' id='word_1_217' title='bbox 507 3698 557 3761; x_wconf 86' lang='lat' dir='ltr'>rel</span> <span class='ocrx_word' id='word_1_218' title='bbox 578 3697 746 3761; x_wconf 91' lang='lat' dir='ltr'>minimum</span> <span class='ocrx_word' id='word_1_219' title='bbox 768 3695 945 3759; x_wconf 90' lang='lat' dir='ltr'>honestatis</span> <span class='ocrx_word' id='word_1_220' title='bbox 969 3698 1101 3761; x_wconf 86' lang='lat' dir='ltr'>subeam</span> <span class='ocrx_word' id='word_1_221' title='bbox 1123 3699 1219 3764; x_wconf 88' lang='lat' dir='ltr'>detri-</span> 
     </span>
     <span class='ocr_line' id='line_1_31' title="bbox 263 3798 1219 3883; baseline 0.002 -22"><span class='ocrx_word' id='word_1_222' title='bbox 263 3808 414 3861; x_wconf 89' lang='lat' dir='ltr'>mentum.</span> <span class='ocrx_word' id='word_1_223' title='bbox 442 3800 518 3861; x_wconf 88' lang='lat' dir='ltr'>Pius</span> <span class='ocrx_word' id='word_1_224' title='bbox 533 3821 607 3862; x_wconf 90' lang='lat' dir='ltr'>vero</span> <span class='ocrx_word' id='word_1_225' title='bbox 621 3802 728 3876; x_wconf 79' lang='lat' dir='ltr'>lesus,</span> <span class='ocrx_word' id='word_1_226' title='bbox 739 3798 798 3883; x_wconf 92' lang='lat' dir='ltr'>qui</span> <span class='ocrx_word' id='word_1_227' title='bbox 812 3798 937 3862; x_wconf 80' lang='lat' dir='ltr'>virtutis</span> <span class='ocrx_word' id='word_1_228' title='bbox 952 3798 1042 3863; x_wconf 88' lang='lat' dir='ltr'>dedit</span> <span class='ocrx_word' id='word_1_229' title='bbox 1056 3802 1219 3879; x_wconf 85' lang='lat' dir='ltr'>affectum,</span> 
     </span>
     <span class='ocr_line' id='line_1_32' title="bbox 262 3898 1217 3984; baseline -0.001 -20"><span class='ocrx_word' id='word_1_230' title='bbox 262 3899 527 3984; x_wconf 86' lang='lat' dir='ltr'>perseverantiam</span> <span class='ocrx_word' id='word_1_231' title='bbox 553 3900 722 3981; x_wconf 81' lang='lat' dir='ltr'>largiaturr</span> <span class='ocrx_word' id='word_1_232' title='bbox 757 3900 833 3983; x_wconf 92' lang='lat' dir='ltr'>quia</span> <span class='ocrx_word' id='word_1_233' title='bbox 859 3898 929 3963; x_wconf 82' lang='lat' dir='ltr'>sine</span> <span class='ocrx_word' id='word_1_234' title='bbox 955 3921 994 3963; x_wconf 90' lang='lat' dir='ltr'>eo</span> <span class='ocrx_word' id='word_1_235' title='bbox 1023 3900 1104 3963; x_wconf 91' lang='lat' dir='ltr'>nibil</span> <span class='ocrx_word' id='word_1_236' title='bbox 1130 3908 1217 3964; x_wconf 89' lang='lat' dir='ltr'>recte</span> 
     </span>
     <span class='ocr_line' id='line_1_33' title="bbox 262 3999 581 4086; baseline -0.009 -22"><span class='ocrx_word' id='word_1_237' title='bbox 262 4002 377 4086; x_wconf 88' lang='lat' dir='ltr'>incipit</span> <span class='ocrx_word' id='word_1_238' title='bbox 393 4012 447 4064; x_wconf 92' lang='lat' dir='ltr'>aut</span> <span class='ocrx_word' id='word_1_239' title='bbox 462 3999 581 4062; x_wconf 86' lang='lat' dir='ltr'>finitur.</span> 
     </span>
    </p>

    <p class='ocr_par' dir='ltr' id='par_1_3' title="bbox 259 4099 1213 4390">
     <span class='ocr_line' id='line_1_34' title="bbox 304 4099 1213 4185; baseline -0.001 -20"><span class='ocrx_word' id='word_1_240' title='bbox 304 4106 356 4167; x_wconf 93' lang='lat' dir='ltr'>De</span> <span class='ocrx_word' id='word_1_241' title='bbox 380 4116 495 4167; x_wconf 89' lang='lat' dir='ltr'>caetero</span> <span class='ocrx_word' id='word_1_242' title='bbox 513 4099 583 4185; x_wconf 87' lang='lat' dir='ltr'>jam</span> <span class='ocrx_word' id='word_1_243' title='bbox 607 4122 626 4163; x_wconf 93' lang='lat' dir='ltr'>a</span> <span class='ocrx_word' id='word_1_244' title='bbox 650 4102 752 4165; x_wconf 91' lang='lat' dir='ltr'>multo</span> <span class='ocrx_word' id='word_1_245' title='bbox 780 4112 923 4185; x_wconf 90' lang='lat' dir='ltr'>tempore</span> <span class='ocrx_word' id='word_1_246' title='bbox 947 4111 1108 4184; x_wconf 87' lang='lat' dir='ltr'>porrectas</span> <span class='ocrx_word' id='word_1_247' title='bbox 1134 4102 1213 4164; x_wconf 89' lang='lat' dir='ltr'>itero</span> 
     </span>
     <span class='ocr_line' id='line_1_35' title="bbox 260 4199 1210 4291; baseline -0.002 -23"><span class='ocrx_word' id='word_1_248' title='bbox 260 4228 381 4289; x_wconf 85' lang='lat' dir='ltr'>preces,</span> <span class='ocrx_word' id='word_1_249' title='bbox 396 4206 547 4291; x_wconf 89' lang='lat' dir='ltr'>quatinus</span> <span class='ocrx_word' id='word_1_250' title='bbox 567 4205 664 4267; x_wconf 88' lang='lat' dir='ltr'>libros</span> <span class='ocrx_word' id='word_1_251' title='bbox 681 4204 870 4283; x_wconf 87' lang='lat' dir='ltr'>Aristotelis,</span> <span class='ocrx_word' id='word_1_252' title='bbox 884 4223 964 4288; x_wconf 92' lang='lat' dir='ltr'>quos</span> <span class='ocrx_word' id='word_1_253' title='bbox 980 4199 1114 4279; x_wconf 87' lang='lat' dir='ltr'>habetis,</span> <span class='ocrx_word' id='word_1_254' title='bbox 1130 4203 1210 4266; x_wconf 88' lang='lat' dir='ltr'>mihi</span> 
     </span>
     <span class='ocr_line' id='line_1_36' title="bbox 259 4303 1213 4390; baseline 0.001 -23"><span class='ocrx_word' id='word_1_255' title='bbox 259 4308 382 4370; x_wconf 81' lang='lat' dir='ltr'>faciatis</span> <span class='ocrx_word' id='word_1_256' title='bbox 394 4306 544 4386; x_wconf 85' lang='lat' dir='ltr'>exscribi,</span> <span class='ocrx_word' id='word_1_257' title='bbox 555 4316 587 4371; x_wconf 90' lang='lat' dir='ltr'>et</span> <span class='ocrx_word' id='word_1_258' title='bbox 599 4306 726 4369; x_wconf 85' lang='lat' dir='ltr'>notulas</span> <span class='ocrx_word' id='word_1_259' title='bbox 739 4327 835 4390; x_wconf 90' lang='lat' dir='ltr'>super</span> <span class='ocrx_word' id='word_1_260' title='bbox 846 4307 1004 4383; x_wconf 89' lang='lat' dir='ltr'>Marcum,</span> <span class='ocrx_word' id='word_1_261' title='bbox 1014 4303 1094 4367; x_wconf 90' lang='lat' dir='ltr'>meis</span> <span class='ocrx_word' id='word_1_262' title='bbox 1105 4315 1213 4368; x_wconf 87' lang='lat' dir='ltr'>tamen</span> 
     </span>
    </p>
   </div>
   <div class='ocr_carea' id='block_1_3' title="bbox 0 0 1522 5200">
    <p class='ocr_par' dir='ltr' id='par_1_4' title="bbox 0 0 1522 5200">
     <span class='ocr_line' id='line_1_37' title="bbox 0 0 1522 5200; baseline 0 7"><span class='ocrx_word' id='word_1_263' title='bbox 0 0 1522 5200; x_wconf 95' lang='lat' dir='ltr'> </span> 
     </span>
    </p>
   </div>
  </div>
 </body>
</html>
