3034 5200
300 720 409 800 naa]
693 734 873 778 nrrsrotn.
1190 719 1249 778 16⁷

295 909 352 949 rex
378 887 412 950 in
442 897 561 950 tantam
593 883 706 948 recidit
732 884 1000 960 contrarietatem,
1029 896 1064 946 ut
1086 884 1154 968 jam
1181 883 1247 946 fere

295 987 501 1074 impossibilis
512 987 668 1065 videatur,
680 987 752 1052 licet
767 999 879 1050 neuter
890 1008 1038 1070 guerram
1050 986 1137 1050 velit.
1171 988 1249 1049 Pro-
1292 1000 1294 1002 ’

295 1078 380 1155 lecto
401 1089 618 1154 convenissent
641 1111 660 1151 a
685 1088 796 1153 multis
816 1088 939 1162 diebus,
962 1089 1022 1151 nisi
1045 1110 1101 1151 rex
1125 1087 1248 1172 Angliae

295 1193 393 1258 rebus
415 1192 577 1278 dispositis
607 1203 639 1256 et
661 1191 844 1276 compositis
871 1190 991 1275 aliquid
1020 1189 1094 1253 novi
1125 1212 1248 1275 semper

295 1305 464 1359 conaretur
479 1294 643 1385 adjicere..
673 1294 790 1378 Itaque
807 1293 873 1357 fere
892 1292 1017 1368 accidit,
1034 1304 1071 1356 ut
1091 1304 1249 1379 quantum

297 1393 468 1479 procedere
482 1393 610 1469 nititur,
625 1416 674 1457 res
689 1395 722 1457 in
738 1393 931 1457 contrarium
952 1395 1116 1478 proposito
1134 1405 1250 1476 pergat

297 1506 468 1559 eventum:
498 1506 534 1558 ut
548 1495 604 1558 fiat
626 1494 831 1579 retrogradus
845 1493 877 1555 in
898 1493 1041 1577 agendis,
1057 1492 1114 1577 qui
1132 1506 1249 1578 praeter

298 1619 426 1681 aequum
438 1610 471 1660 et
486 1597 604 1662 bonum
620 1598 752 1661 molitur
763 1597 988 1672 conventionis,
1001 1609 1033 1660 et
1044 1598 1139 1660 etiam
1151 1597 1247 1682 juris,

297 1720 360 1761 non
376 1709 441 1762 tam
457 1722 627 1784 praecessor
642 1722 721 1774 esse,
736 1722 834 1785 quam
850 1699 1027 1763 subversor.
1056 1698 1249 1783 Apostolicae

297 1801 532 1865 constitutionis
543 1802 706 1887 rescripta,
717 1824 817 1888 quum
831 1801 966 1877 licuerit,
976 1800 1064 1887 quod
1077 1800 1205 1885 quidem
1216 1801 1250 1865 iu

296 1902 397 1975 brevi,
410 1904 548 1967 Domino
561 1903 791 1988 patrocinante,
803 1903 953 1967 futurum
965 1915 1024 1978 est,
1038 1903 1096 1967 tibi
1111 1902 1248 1980 mittam,

296 2003 447 2089 adjiciens
467 2003 501 2069 si'
513 2005 590 2091 quid
612 2004 851 2069 referendorum
875 2004 1043 2087 contigerit
1060 2005 1186 2068 interim
1203 2003 1252 2067 in·

297 2106 416 2170 novari.

340 2206 558 2270 Praeterieram
575 2206 662 2293 quod
676 2208 806 2270 minime
817 2228 887 2269 reor
902 2229 969 2270 esse
979 2206 1250 2292 praetereundum,

296 2305 413 2370 scilicet
437 2306 602 2369 dominum
626 2307 779 2369 Ottonem
800 2306 912 2389 paucis
933 2305 1058 2383 diebus,
1079 2319 1251 2390 antequam

296 2406 456 2470 recederet
482 2431 501 2471 a
529 2429 615 2488 rege,
644 2407 750 2491 ipsum
781 2405 966 2489 diligentius
995 2408 1187 2485 convenisse,
1213 2418 1250 2470 ut

297 2528 406 2591 pacem
432 2528 503 2570 cum
529 2505 766 2590 archiepiscopo
785 2506 980 2571 reformaret.
1026 2506 1086 2570 Ille
1108 2530 1183 2570 vero
1205 2530 1253 2571 re-

297 2606 425 2693 spondit
449 2630 482 2670 se
507 2629 567 2692 pro
591 2629 698 2671 amore
725 2608 846 2672 domini
873 2631 965 2694 papae
991 2620 1022 2672 et
1045 2608 1251 2673 cardinalium

294 2708 535 2795 permissurum,
565 2720 601 2772 ut
630 2709 886 2794 archiepiscopus
915 2708 946 2772 in
970 2731 1047 2794 pace
1076 2708 1185 2772 redeat
1210 2710 1251 2773 ad

298 2812 401 2875 sedem
426 2833 527 2890 suam,
542 2823 574 2874 et
598 2810 746 2895 disponat
762 2810 901 2875 ecclesiae
923 2823 955 2876 et
969 2812 1064 2874 rebus
1086 2810 1161 2874 suis.
1206 2813 1252 2876 Et

239 2985 242 2993 ¹
298 2912 430 2993 quiade
445 2911 731 2976 consuetudinibus
748 2913 860 2997 jurgia
875 2912 996 2978 diutins
1015 2923 1253 2997 protraxerunt,

297 3012 380 3077 dixit
396 3036 429 3075 se
444 3024 476 3076 et
498 3011 615 3077 liberos
636 3035 709 3076 suos
725 3003 787 3075 illis
806 3011 882 3076 solis
896 3036 963 3076 esse
982 3025 1157 3092 contentos,
1172 3036 1253 3099 quas

296 3128 505 3177 antecessores
520 3135 594 3177 suos
614 3112 763 3178 habuisse
778 3113 967 3193 constiterit,
981 3113 1166 3198 juramento
1181 3138 1253 3179 cen·

298 3225 368 3276 tum
384 3212 550 3275 hominum
566 3212 606 3275 de
622 3212 748 3297 Anglia,
759 3225 792 3277 et
807 3226 933 3277 centnm
948 3215 988 3279 de
1002 3216 1207 3292 Normannia,
1220 3228 1252 3281 et

297 3326 425 3377 centum
437 3312 477 3375 de
494 3312 693 3398 Andegavia,
706 3326 738 3377 et
753 3313 823 3378 aliis
838 3315 929 3378 terris
939 3316 1015 3380 suis.
1047 3317 1079 3379 Si
1095 3340 1170 3381 vero
1184 3318 1254 3381 haec

296 3412 436 3476 conditio
457 3412 545 3499 pacis
567 3411 806 3498 archiepiscopo
826 3412 1037 3498 displicuerit,
1052 3440 1085 3479 se
1105 3431 1253 3501 paratum

296 3537 366 3581 esse
381 3514 465 3578 dixit
480 3525 564 3578 stare
578 3514 712 3578 arbitrio
728 3515 825 3579 trium
839 3515 1061 3600 episcoporum
1075 3518 1208 3599 Angliae,
1220 3531 1253 3584 et

297 3618 397 3681 trium
415 3616 678 3694 cismarinorum,
695 3617 844 3682 videlicet
866 3616 1143 3701 Rothomagensis,
1160 3620 1253 3683 Baio·

297 3716 410 3793 censis,
422 3728 454 3779 et
470 3716 729 3782 Cenomanensis.
760 3716 855 3790 Quod
870 3715 896 3778 si
910 3737 968 3777 nec
982 3713 1067 3778 istud
1085 3717 1255 3799 suffecerit,

301 3815 421 3879 domini
436 3838 530 3900 papae
548 3814 674 3901 judicio
694 3817 802 3891 stabit,
818 3838 856 3877 eo
876 3813 963 3876 salvo
978 3827 1015 3877 ut
1034 3835 1096 3877 non
1113 3817 1254 3881 exhaere-

298 3916 418 3980 dentur
433 3915 525 3979 liberi
548 3916 626 4000 ejus.
672 3914 755 3979 Nam
777 3915 810 3978 in
826 3914 940 3979 diebus
962 3914 1027 3978 suis
1046 3915 1138 3979 facile
1160 3917 1256 3980 susti-

297 4018 398 4095 nebit,
427 4030 463 4082 ut
501 4016 650 4081 dominus
679 4039 774 4102 papa,
804 4040 884 4102 quas
918 4016 1065 4095 voluerit,
1094 4017 1254 4099 reprobet.

300 4117 482 4192 Quaesitum
502 4129 550 4181 est
572 4119 613 4182 ab
634 4140 683 4194 eo,
699 4117 853 4203 quidnam
877 4116 1113 4199 archiepiscopo
1135 4132 1167 4176 et
1190 4117 1254 4181 suis

303 4210 447 4281 facturus
468 4230 537 4284 erat
552 4218 593 4282 de
615 4218 828 4289 restitutione,
845 4239 919 4302 quae
941 4215 1071 4300 abipso
1088 4214 1208 4298 petitur
1222 4230 1255 4283 et

301 4315 450 4381 debetur.
494 4322 538 4383 At
558 4320 611 4383 ille
626 4317 802 4401 respondit,
816 4317 890 4399 quia
910 4316 1001 4393 nihil,
1019 4318 1133 4401 jurans
1149 4317 1256 4383 multis
