3034 5200
331 751 370 811 18
603 763 741 809 solutus
757 763 1035 809 saansaaruansrs
1188 746 1231 825 [s.
1249 765 1280 809 n.

330 917 495 994 habentes,
522 926 554 980 et
582 927 731 1000 putantes
759 918 866 1000 legem
892 917 968 992 Dei,
992 915 1073 978 nibil
1097 915 1186 981 aliud
1211 937 1281 980 essa

328 1037 424 1101 quam
449 1018 573 1102 verba„
600 1018 672 1081 Nos
696 1019 825 1082 interim
854 1019 925 1082 Deo
951 1018 985 1080 in
1011 1016 1161 1080 omuibus
1188 1015 1282 1078 donis

333 1117 399 1180 suis
424 1117 541 1197 gratias
567 1117 701 1200 agimus,
723 1128 757 1182 ct
778 1119 917 1182 maxime
940 1116 1028 1201 quod
1050 1137 1110 1179 nos
1133 1115 1283 1195 dignatus

332 1231 380 1280 est
405 1217 531 1282 illorum
556 1227 895 1303 numero'aggregare,
919 1218 976 1301 qui
1001 1216 1284 1301 persequutionem

332 1340 389 1403 pro
398 1318 524 1403 justitia
538 1323 710 1404 patiuntur.
756 1321 964 1404 Suscepimus
979 1319 1019 1382 de
1034 1339 1131 1382 manu
1151 1314 1285 1378 Domini

334 1420 453 1499 dulcia,
468 1421 508 1486 de
531 1420 647 1506 quibus
670 1445 754 1506 saepe
771 1421 810 1486 ad
831 1421 1007 1507 perniciem
1029 1428 1170 1482 nostram
1192 1414 1283 1478 abusi

333 1543 454 1587 sumus.
498 1525 603 1597 Quare
618 1534 650 1587 et
665 1525 705 1587 ab
720 1524 793 1609 ipso
817 1523 1037 1607 aequanimiter
1052 1542 1118 1583 nou
1133 1516 1285 1598 suscipie-

334 1646 406 1688 mus
420 1647 527 1689 amara
547 1626 589 1689 ad
608 1627 814 1699 medicinam,
830 1627 862 1687 in
883 1624 1062 1706 profectum
1083 1621 1192 1685 salutis
1212 1640 1287 1681 nos·

335 1724 413 1788 trae?
437 1727 503 1788 siro
518 1726 660 1801 vivimus,
682 1727 747 1788 sive
770 1727 929 1799 morimur,
952 1725 1087 1787 Domini
1110 1742 1229 1800 samua,
1251 1729 1286 1785 ut

334 1824 368 1887 id
384 1826 485 1887 solum
501 1825 567 1907 peti
583 1835 730 1907 oporteat
749 1826 791 1887 ab
811 1824 924 1886 amicis
944 1823 1094 1905 quatinus
1109 1824 1199 1885 exilii
1214 1842 1288 1884 nos·

338 1925 378 1988 tri
395 1925 560 2007 angustias
582 1926 747 1988 sulevvent
770 1924 967 1987 orationibus
982 1923 1058 1999 suis,
1072 1931 1108 1984 ut
1122 1943 1186 1984 non
1210 1923 1288 1985 defi·
1327 1915 1332 1918 ⁸

342 2028 407 2090 ciat
431 2025 514 2089 fides
542 2037 645 2102 notra,
669 2025 726 2088 sed
749 2024 790 2087 de
818 2024 996 2087 afflictione
1019 2033 1129 2086 nostra
1153 2024 1288 2086 salutem

337 2128 431 2190 nobis
445 2138 479 2190 et
493 2129 651 2192 Ecclesia
674 2148 787 2210 pacem
804 2138 836 2190 et
849 2126 1026 2190 libertatem
1043 2123 1289 2189 misericorditer

339 2236 495 2311 operetur.

372 2495 593 2559 EPISTOLA
617 2497 857 2563 exora-m
879 2515 1052 2562 nrcouaura
1076 2518 1119 2562 ua
1143 2517 1257 2563 uonrn

569 2618 818 2664 aorournonusr.
837 2600 882 2681 [A.
900 2621 931 2665 n.
952 2602 1058 2681 noa]

387 2777 486 2840 Joan.
503 2776 631 2841 Sorech.
648 2774 786 2839 Nicolao
801 2777 841 2838 de
856 2782 962 2838 monte
976 2778 1237 2858 Rothamugensi.

383 2937 508 2997 Norsru
522 2937 758 3019 ingratitudinis
774 2936 847 3020 jura
862 2937 1031 3013 contrabit,
1046 2959 1142 3020 quem
1162 2939 1203 3002 ad
1217 2962 1289 3023 pro·

341 3033 527 3096 merendum
550 3056 689 3099 amoram
712 3050 743 3100 et
766 3036 957 3120 obsequium
979 3038 1208 3103 beneficiorum
1224 3062 1291 3104 me-

341 3134 442 3197 moria
452 3155 517 3196 non
529 3135 684 3198 accendit.
722 3139 768 3200 Et
779 3137 909 3221 quidem
920 3148 1009 3201 tanto
1021 3139 1148 3203 uberior
1159 3141 1292 3206 debetur

343 3234 454 3316 gratia,
469 3245 588 3318 quanto
605 3237 795 3300 cumulatius
810 3250 842 3301 et
855 3240 1048 3323 frequentius
1068 3241 1109 3303 ad
1124 3263 1184 3306 nec
1199 3245 1291 3307 meri-

343 3347 411 3401 tum
436 3359 497 3400 neo
524 3347 696 3401 merentem
721 3360 740 3401 a
766 3340 836 3402 sola
865 3339 963 3404 divite
990 3344 1293 3409 venaliberalitatis

342 3439 461 3501 innatae
482 3437 639 3501 beneficia
661 3450 899 3521 praecessemnt.
945 3442 1010 3505 Sed
1031 3442 1128 3521 unde,
1149 3445 1230 3506 mibi
1245 3447 1293 3508 di·

343 3541 438 3615 lecte,
454 3550 486 3603 et
501 3541 588 3603 omni
603 3539 675 3624 jure
692 3552 723 3603 et
736 3541 849 3605 merito
865 3541 1040 3626 diligende,
1056 3555 1091 3607 ut
1106 3545 1294 3611 humanitati

345 3654 408 3705 tuae
430 3642 592 3726 condigna
613 3641 812 3706 liberalitatis
834 3647 1094 3728 compensatione
1119 3649 1293 3731 responde·

346 3744 457 3807 amus?
481 3746 602 3823 Exulo,
617 3744 816 3829 proscriptus
826 3767 908 3825 sum,
918 3748 1094 3830 ¹expositus
1103 3750 1296 3832 paupertati,

349 3846 586 3908 coexulantium
600 3846 678 3908 mihi
694 3847 796 3928 magis
818 3868 913 3932 quam
929 3847 1063 3931 propriis
1083 3847 1296 3912 incommodis

347 3967 471 4027 urgeor,
479 3957 512 4009 et
520 3966 638 4019 eorum,
648 3969 720 4030 quae
728 3948 763 4014 in
774 3948 929 4030 pressuris
937 3948 1085 4010 Ecclesia
1095 3948 1157 4010 Dei
1168 3948 1296 4031 patitur,

349 4068 433 4112 ame
462 4047 543 4111 nibil
567 4059 680 4130 reputo
704 4051 854 4113 alienum.
912 4046 977 4111 Sed
1004 4049 1039 4111 in
1069 4049 1118 4111 his
1148 4050 1297 4116 omuibus

350 4150 456 4213 Deum
482 4148 563 4211 mihi
584 4151 757 4236 propitium
783 4152 897 4228 sentio,
923 4148 1015 4233 cujus
1036 4150 1174 4213 muneris
1196 4162 1297 4216 estut

351 4250 482 4314 exilium
493 4270 551 4333 pro
557 4249 681 4333 justitia
693 4251 825 4314 subeam
836 4251 940 4312 libens
952 4271 959 4310 :
983 4248 1128 4332 rapinam
1139 4252 1296 4316 bonorum

350 4370 488 4414 meorum
513 4372 570 4435 pro
593 4351 670 4431 fide,
692 4354 719 4416 si
742 4352 956 4416 necessarium
971 4366 1028 4430 est,
1052 4353 1194 4434 gaudens
1208 4356 1297 4418 exci-
