3034 5200
298 705 407 786 1171.]
671 723 850 771 emarcum.
1189 711 1251 766 957

294 887 326 939 et
356 875 452 940 corda
489 885 659 941 scrutatur.
712 876 807 954 Nam,
835 897 937 961 quum
975 872 1060 938 beati
1098 874 1246 957 martyris

292 998 408 1061 corpus
428 976 600 1062 sepulturae
623 974 814 1042 tradendum
839 987 933 1052 esset,
952 987 984 1039 et
1005 974 1045 1038 de
1061 994 1147 1037 more
1169 995 1246 1060 pon-

292 1077 461 1142 tificalibus
490 1076 689 1153 indueretur,
712 1074 800 1161 quod
823 1074 996 1139 admodum
1018 1076 1113 1159 pauci
1130 1072 1245 1137 famili-

291 1201 360 1243 ares
381 1180 451 1265 ejus
470 1191 633 1257 noverant,
655 1179 823 1242 inventum
845 1191 893 1242 est
915 1176 1016 1240 cilicio
1038 1174 1194 1262 pediculis
1214 1187 1245 1239 et

290 1280 452 1346 vermibus
475 1281 594 1345 referto
619 1279 813 1356 involutum,
834 1279 970 1366 ipsaque
990 1277 1152 1341 femoralia
1176 1278 1245 1362 ejus

288 1381 440 1446 interiora
452 1405 556 1467 usque
571 1381 612 1444 ad
628 1381 766 1467 poplites
776 1380 910 1459 cilicina,
920 1379 1004 1467 quod
1019 1378 1108 1464 apud
1123 1392 1244 1443 nostra-

290 1493 337 1545 tes
357 1495 450 1547 antea
469 1482 574 1546 fuerat
598 1481 791 1558 inauditum,
811 1493 938 1567 reperta
960 1492 1044 1546 sunt.
1090 1480 1242 1543 Exterior

289 1595 414 1648 tantum
431 1583 560 1648 habitus
582 1583 706 1649 caeteris
727 1583 997 1661 conformabatur,
1006 1583 1105 1666 juxta
1120 1584 1242 1666 sapien-

288 1683 330 1749 tis
353 1683 511 1750 edictum:
536 1683 678 1758 dicentis,
705 1685 809 1749 Frons
836 1695 892 1747 tua
919 1683 1038 1770 populo
1063 1683 1240 1759 conveniat,

288 1785 376 1851 intus
390 1786 496 1850 omnia
512 1783 676 1851 dissimilia
691 1786 763 1851 sint.

332 1889 413 1966 Quis
434 1888 551 1953 referat
573 1911 654 1974 quos
673 1889 824 1974 gemitus,
847 1899 985 1973 quantos
1007 1886 1239 1972 lachrymarum

288 1986 405 2052 imbres
420 2000 600 2052 sanctorum
612 2000 713 2053 caetus
728 1987 785 2073 qui
796 1986 940 2065 aderant,
951 1987 984 2049 in
997 1987 1186 2052 revelatione
1197 1990 1240 2051 sic

288 2088 487 2155 adumbratae
511 2089 671 2175 religionis
701 2089 865 2154 emiserit?
903 2090 971 2153 Nec
1000 2102 1104 2154 tamen
1130 2089 1163 2152 in
1190 2088 1240 2152 his

288 2191 435 2255 omnibus
449 2203 716 2278 persequutorum
732 2190 856 2276 quievit
870 2190 972 2267 furor,
984 2188 1157 2255 dicentium
1173 2213 1241 2254 cor-

287 2315 348 2379 pus
370 2293 542 2379 proditoris
563 2296 647 2357 inter
668 2305 793 2358 sanctos
816 2290 986 2356 Pontifices
1008 2314 1070 2355 nou
1093 2315 1160 2356 esse
1180 2293 1241 2355 bu·

287 2394 450 2467 mandum‚
474 2393 527 2457 sed
549 2393 778 2480 projiciendum
799 2392 832 2455 in
854 2392 1003 2478 paludem
1019 2393 1173 2470 viliorem,
1190 2393 1240 2456 vel

287 2491 543 2576 suspendendum
566 2515 631 2556 esse
654 2491 810 2578 patibulo.
858 2491 955 2556 Unde
977 2495 1077 2557 sancti
1101 2493 1158 2557 riri
1181 2492 1239 2578 qui

286 2591 429 2671 aderant,
455 2592 518 2657 vim
546 2594 606 2659 sibi
639 2594 784 2659 timentes
813 2593 934 2673 inferri,
959 2617 1031 2661 eum
1055 2595 1088 2659 iu
1115 2611 1240 2682 crypta,

286 2706 455 2781 antequam
478 2696 630 2761 satellites
651 2696 800 2763 Sathanae
815 2696 872 2783 qui
887 2697 928 2762 ad
944 2698 1106 2783 sacrilegia
1126 2721 1237 2784 perpe·

285 2798 399 2862 tranda
409 2799 571 2865 convocati
583 2800 709 2864 fuerant
722 2800 937 2879 convenirent,
945 2813 1018 2864 ante
1030 2800 1129 2865 altare
1138 2801 1238 2867 sancti

284 2899 418 2963 Joannis
439 2902 594 2988 Baptistae
608 2914 640 2967 et
656 2902 756 2966 sancti
774 2902 949 2987 Augustini
966 2902 1145 2988 Anglorum
1163 2926 1238 2990 apo-

284 3000 357 3065 stoli
371 3004 403 3066 in
425 3003 589 3088 sarcofago
611 3026 787 3067 marmoreo
809 3003 1017 3089 sepelierunt:
1042 3005 1097 3069 ubi
1113 3006 1153 3070 ad
1167 3006 1236 3090 glo·

282 3102 361 3166 riam
377 3105 604 3189 omnipotentis
616 3105 677 3168 Dei
693 3126 749 3189 per
765 3127 837 3167 eum
851 3104 952 3169 multa
967 3118 998 3169 et
1015 3128 1129 3191 magna
1145 3108 1237 3172 mira-¹

282 3202 355 3266 cula
370 3203 450 3269 fiunt
462 3204 646 3269 catervatim
662 3202 896 3270 confluentibus
909 3205 1048 3292 populis,
1061 3220 1096 3271 ut
1108 3208 1236 3275 videant

282 3304 314 3368 in
330 3303 400 3367 aliis
414 3316 446 3369 et
462 3305 600 3369 sentiant
615 3304 647 3370 iu
664 3327 697 3368 se
715 3305 891 3391 potentiam
906 3320 939 3369 et
953 3306 1151 3373 clementiam
1166 3311 1236 3397 ejus

281 3406 338 3491 qui
354 3428 478 3493 semper
496 3406 527 3470 in
549 3406 665 3471 sanctis
687 3410 752 3472 suis
775 3407 929 3473 mirabilis
948 3421 980 3473 et
999 3410 1157 3494 gloriosus
1176 3426 1234 3477 est.

208 3596 210 3599 Ι
281 3508 364 3572 Nam
380 3520 412 3573 et
428 3508 461 3571 in
477 3508 545 3573 loco
560 3509 714 3595 passionis
725 3509 795 3596 ejus
810 3521 841 3574 et
857 3510 913 3573 ubi
928 3523 1002 3574 ante
1017 3513 1120 3596 majus
1134 3516 1234 3578 altare

279 3609 477 3695 pernoctavit
499 3608 691 3686 humandus,
718 3622 749 3674 et
775 3609 830 3674 ubi
853 3611 981 3675 taudem
1005 3616 1151 3695 sepultus
1174 3626 1233 3689 est,

279 3708 446 3795 paralytici
473 3725 638 3787 curantur,
661 3710 881 3788 ramiridem,
904 3710 991 3775 surdi
1014 3710 1163 3789 audiunt,
1189 3713 1233 3776 lo·

279 3823 423 3895 quuntur
439 3811 532 3891 muti,
543 3811 648 3875 claudi
663 3811 987 3892 ambulaut‚evaduut
1003 3811 1231 3887 febricitantes,

277 3913 395 3997 arrepti
407 3936 426 3975 a
437 3912 596 3977 daemonio
608 3912 793 3989 liberantur,
807 3927 838 3978 et
850 3937 869 3976 a
880 3912 975 3977 variis
990 3915 1109 3980 morbis
1124 3938 1234 3979 sanan·

277 4024 331 4077 tur
346 4013 471 4096 aegroti,
486 4014 662 4099 blasphemi
679 4037 699 4078 a
713 4014 871 4078 daemonio
892 4015 1011 4100 arrepti
1032 4017 1231 4082 confundun-

278 4124 343 4188 tur,
362 4112 423 4175 lllo
446 4112 514 4177 baec
536 4129 567 4179 et
589 4115 692 4202 plura,
713 4139 788 4202 quae
809 4116 926 4179 referre
946 4139 1004 4203 per
1025 4118 1157 4200 longum
1173 4134 1232 4199 est,

276 4226 438 4298 operante,
460 4218 517 4299 qui
543 4215 629 4279 solus
654 4230 702 4283 est
732 4240 829 4303 super
856 4218 962 4282 omnia
988 4219 1172 4284 benedictus
1198 4222 1230 4285 in

278 4315 394 4393 secula,
407 4328 437 4378 et
455 4339 508 4381 eos
523 4317 686 4402 praeelegit
700 4341 767 4383 esse
778 4319 889 4403 gloriae
902 4312 1137 4386 suaeconsortes
1152 4345 1233 4407 quos

317 4435 388 4480 von.
405 4438 443 4481 11.
759 4441 775 4484 s
