3034 5200
297 711 339 771 58
554 721 689 766 rennuis
706 718 982 765 sannsnnruuusrs
1152 702 1199 777 [ι.
1215 718 1247 763 n.

297 877 437 940 tionibus
452 893 521 936 esse
535 872 703 948 insertum,
718 872 806 955 quod
828 871 951 955 praefati
967 870 1201 953 archiepiscopi
1216 877 1248 931 et

298 994 427 1038 suorum
441 974 571 1055 plenam
590 972 831 1035 indemnitatem
847 981 880 1034 et
894 969 1110 1034 omnimodam
1131 970 1248 1032 securi-

296 1083 394 1138 tatem
410 1073 582 1150 contineat,
598 1072 686 1136 etad
702 1073 798 1136 totius
816 1073 975 1138 Ecclesiae
990 1071 1139 1155 proficiat
1152 1073 1250 1134 liber-

296 1184 404 1238 tatem.
449 1175 524 1238 Hoc
547 1184 651 1237 autem
673 1175 790 1238 mirum
813 1175 910 1238 estin
928 1175 1030 1238 oculis
1045 1173 1199 1249 omnium,
1215 1182 1249 1235 et

298 1276 387 1340 omni
401 1285 530 1359 stupore
553 1276 685 1358 dignum
706 1277 794 1360 qnod
808 1298 871 1340 nec
887 1277 986 1341 semel
1004 1276 1088 1339 inter
1101 1295 1248 1357 compro-

298 1377 451 1440 vinciales
474 1376 623 1440 convenit
646 1378 828 1460 episcopos,
850 1387 886 1441 ut
910 1377 951 1441 de
976 1397 1058 1460 pace
1087 1376 1248 1438 Ecclesiae

298 1487 470 1542 tractantes
498 1479 549 1542 vel
579 1500 644 1542 una
671 1479 742 1544 vice
771 1480 980 1546 convenirent
1006 1498 1127 1557 regem,
1157 1475 1251 1558 cujus

299 1580 516 1644 innocentiam
545 1582 677 1663 publico
714 1580 932 1645 universitatis
968 1601 1034 1643 suae
1069 1578 1249 1642 testimonio

300 1689 454 1753 astmunt,
477 1690 510 1742 et
530 1679 717 1761 patientiam
739 1689 863 1743 tantam
885 1679 1074 1763 pradicant,
1096 1687 1133 1740 ut
1154 1677 1249 1740 dulce

299 1790 392 1863 putet
405 1779 594 1862 obsequium
608 1781 755 1862 quotiens
766 1790 913 1844 monetur
926 1791 963 1844 ut
977 1781 1125 1860 corrigat,
1135 1781 1162 1843 si
1174 1778 1253 1863 quid

299 1880 380 1956 forte
406 1877 541 1962 deliquit
566 1879 599 1941 in
627 1880 812 1945 Dominum.
856 1882 902 1943 Et
926 1881 1071 1962 profecte
1098 1888 1155 1942 aut
1180 1901 1253 1943 eum

300 1982 373 2044 Deo
387 1979 580 2062 propitiante
595 1979 752 2045 reducent
766 1979 808 2043 ad
824 1981 918 2055 viam,
933 1990 989 2043 aut
1003 1978 1044 2041 de
1064 1980 1253 2041 necessitate

290 2081 397 2156 ¹citius
416 2101 512 2164 quam
533 2081 681 2144 credatur
701 2080 833 2144 domino
852 2101 947 2165 papae
968 2077 1175 2164 vapulabunt,
1197 2090 1254 2144 aut

299 2181 379 2262 regi,
394 2181 486 2264 cujus
500 2180 541 2244 ad
555 2202 697 2264 praesens
713 2181 790 2245 dum
804 2183 880 2263 plus
896 2179 986 2263 justo
1002 2187 1148 2243 verentur
1162 2179 1253 2255 iram,

300 2281 471 2365 negligere,
485 2282 583 2345 immo
599 2293 631 2345 et
645 2282 792 2346 occidere
801 2282 949 2347 videntur
964 2283 1114 2354 animam.⁴
1147 2281 1253 2352 Quare

301 2393 407 2447 autem
428 2384 500 2448 haec
524 2383 705 2468 scripserim
727 2383 789 2447 tibi
814 2394 924 2448 notum
948 2384 1083 2448 arbitror
1106 2380 1254 2466 sapienti.

300 2484 391 2562 Vale.

364 2749 586 2815 EPISTOLA
609 2748 848 2813 coxit-ln
861 2765 954 2809 anan
969 2762 1129 2807 annerum
1145 2761 1190 2814 nn

573 2868 731 2915 crusnam
753 2851 842 2927 [an.
862 2845 973 2925 1167.]

541 2984 620 3046 Adra
636 2981 757 3046 Abbati
772 2981 812 3046 de
826 2981 1015 3045 Eoesclrom.

345 3092 497 3153 Paeona
512 3112 580 3153 eam
598 3112 693 3171 quam
710 3093 750 3154 ab
767 3090 859 3154 initio
873 3099 992 3153 mutuae
1007 3087 1199 3171 cognitionis
1214 3087 1255 3152 ad

302 3192 440 3254 invicem
455 3192 671 3253 contraximus
687 3193 862 3270 caritatem,
877 3193 1008 3255 ulterior
1023 3190 1170 3275 quaedam
1180 3190 1254 3274 jure

302 3291 466 3357 societatis
488 3290 575 3353 initae
598 3290 770 3352 conciliata
791 3302 841 3353 est
861 3293 945 3365 inter
966 3314 1026 3355 nos
1047 3292 1200 3368 amicitia,
1219 3301 1256 3354 nt

303 3394 384 3455 alter
405 3391 534 3454 alterius
548 3389 705 3451 fortunam
722 3388 768 3451 sic
785 3390 818 3451 in
833 3391 996 3478 utriusque
1018 3391 1112 3452 sortis
1127 3392 1255 3454 calculo

302 3494 451 3577 excipere
466 3491 582 3555 debeat
592 3492 679 3554 velut
692 3511 796 3553 suam.
839 3492 925 3553 Nam
940 3490 1142 3553 affectionem
1158 3513 1255 3575 quam

302 3595 479 3661 studiorum
502 3592 749 3658 communicatio
774 3591 901 3676 peperit
925 3592 1085 3676 promovit
1105 3593 1141 3655 in
1163 3615 1256 3677 pere·

302 3696 478 3778 grinetione
493 3694 668 3758 similitudo
684 3715 818 3773 morum,
827 3704 859 3757 et
872 3694 1094 3762 familiaritatis
1107 3718 1173 3759 non
1188 3706 1255 3760 tam

301 3798 452 3880 frequens
467 3819 563 3881 quam
572 3796 662 3881 jugis
677 3804 709 3860 et
723 3808 879 3880 perpetua
890 3796 1070 3861 adinvicem
1086 3797 1255 3861 exhibitio.

301 3900 474 3963 Possemus
489 3920 564 3979 ergo
580 3898 654 3980 jure
670 3897 711 3961 de
726 3907 792 3962 tam
808 3899 957 3962 diuturno
972 3898 1113 3962 vicissim
1128 3898 1256 3960 silentio

304 3999 470 4085 conqueri,
487 3999 549 4061 nisi
566 4009 597 4061 et
613 3999 765 4064 distantia
783 4002 939 4075 locorum,
953 4009 985 4062 et
998 3997 1253 4060 intermeantium

301 4099 423 4176 raritaS,
445 4107 479 4161 et
500 4096 681 4173 difficultas,
704 4108 759 4161 eut
779 4098 883 4177 magis
908 4096 1148 4178 impossibilitas
1174 4118 1251 4160 con-

303 4200 452 4264 veniendi
463 4199 685 4264 taciturnitatis
695 4198 845 4261 indebitae
856 4204 1006 4279 purgaret
1016 4207 1136 4260 notam.
1167 4200 1253 4263 Nam

302 4310 338 4365 ut
350 4302 589 4385 proverbialiter
601 4308 787 4383 usurpatum
809 4307 868 4377 est,
883 4298 999 4362 caritas
1018 4298 1155 4383 elinguis
1169 4320 1253 4383 praer
