3034 5200
288 688 348 747 138
557 698 693 743 ronuurs
707 697 985 742 sanssunurnusrs
1143 681 1187 760 [A.
1205 702 1238 745 n.

284 851 457 938 sapientire,
481 850 621 926 accessit,
644 849 684 912 ad
708 871 781 912 eum
807 851 971 934 operosius
994 849 1176 936 supplicans
1199 869 1236 917 ut

283 974 356 1017 eum
372 951 583 1015 reconciliaret
607 949 736 1013 domino
751 972 820 1024 suo,
837 971 909 1012 cum
927 971 992 1034 quo
1007 963 1038 1013 et
1054 972 1195 1036 proquo
1211 953 1239 1017 si

283 1054 421 1141 placeret
436 1066 567 1138 paratus
581 1064 648 1115 erat
663 1055 694 1116 in
718 1049 901 1136 AEgyptum
917 1051 1090 1136 proficisci:
1117 1051 1238 1116 electus

284 1179 369 1236 vero,
384 1169 497 1242 utpote
513 1155 560 1217 vir
579 1154 858 1240 prudentissimus,
873 1152 981 1216 volens
996 1154 1084 1217 verbi
1098 1153 1237 1218 latebras

284 1260 345 1324 sibi
359 1259 550 1345 profundius
563 1257 689 1343 aperiri,
705 1260 724 1290 “
737 1256 856 1320 Estne'’
871 1255 976 1342 inquit
991 1260 1130 1320 “verum
1146 1258 1235 1343 quod

284 1361 401 1437 dicitis,
414 1375 449 1426 ut
464 1383 536 1426 cum
552 1383 590 1423 eo
605 1359 709 1423 velitis
720 1360 767 1422 ire
784 1357 1037 1444 Hierosolymam
1048 1360 1084 1421 ?‘'
1108 1361 1156 1422 At
1170 1359 1236 1437 ille,

283 1462 400 1528 “Nihil
413 1486 552 1550 unquam
563 1462 623 1526 feci
635 1461 800 1536 libentius,
813 1460 838 1525 si
850 1461 1006 1546 placuerit
1016 1461 1146 1525 domino
1157 1485 1237 1537 meo,

284 1579 314 1629 et
331 1588 381 1629 me
396 1565 573 1652 permiserit
588 1563 696 1628 domui
712 1585 791 1625 meae
806 1561 981 1647 disponere,
997 1576 1029 1628 et
1044 1563 1152 1627 liberis
1167 1586 1239 1648 pro-

286 1667 420 1733 videre.”
470 1663 675 1732 carnotensis
703 1676 822 1738 autem,
852 1676 884 1727 et
914 1663 939 1727 si
969 1661 1080 1728 dolum
1111 1667 1238 1730 subesse

285 1772 509 1853 suspicaretur,
522 1765 582 1829 hoc
597 1765 705 1830 retulit
721 1765 788 1848 regi
804 1766 1011 1831 Francorum.
1055 1767 1115 1832 Ille
1130 1782 1237 1834 autem

285 1868 448 1955 respoudit
462 1868 549 1953 quod
565 1878 660 1953 turpe
677 1880 744 1930 erat
761 1867 856 1931 toties
875 1867 990 1955 decipi,
1005 1892 1063 1933 uec
1085 1893 1118 1934 se
1133 1871 1241 1956 aliqua

286 1970 407 2034 ratione
421 1968 615 2033 crediturum
632 1981 716 2048 ante,
737 1968 825 2054 quod
841 1991 881 2032 ex
897 1969 1003 2034 animo
1017 1971 1172 2056 loquutus
1186 1972 1238 2052 sit,

285 2093 382 2156 quam
398 2070 566 2134 humerum
589 2069 658 2154 ejus
673 2091 766 2132 cruce
787 2068 893 2133 videat
914 2070 1111 2155 insignitum.
1156 2072 1239 2136 Nam

287 2194 387 2256 quum
403 2171 463 2234 hoc
483 2181 576 2233 antea
590 2169 618 2232 ei
639 2172 833 2255 promiserit,
847 2182 879 2234 et
898 2171 1071 2235 firmaverit
1092 2174 1239 2236 cautione

287 2296 352 2359 qua
366 2271 425 2335 etsi
441 2270 605 2334 commissa
619 2293 710 2334 nemo
732 2271 834 2335 fidelis
849 2285 909 2352 est,
924 2284 954 2336 et
979 2272 1138 2358 religionis
1157 2296 1239 2358 prae-

287 2375 370 2439 stitae
395 2376 609 2459 prevaricator
634 2386 798 2459 appareat,
826 2374 869 2437 ait
900 2372 1032 2438 stultum
1060 2398 1126 2438 esse
1151 2375 1239 2439 nudo

287 2475 385 2540 verbo
399 2477 469 2561 ejus
483 2473 592 2537 haberi
607 2473 714 2538 fidem.
760 2475 892 2540 Pronior
915 2488 1020 2541 tamen
1041 2477 1104 2542 fuit
1125 2477 1240 2542 exinde

287 2576 328 2642 ad
344 2576 546 2643 concordiam
562 2576 744 2641 ineundam.
785 2581 881 2642 Nunc
896 2592 1003 2642 autem
1019 2603 1119 2664 quum
1136 2580 1242 2644 audis-

288 2693 345 2759 set,
358 2680 446 2766 quod
455 2679 533 2744 dum
545 2679 605 2743 hoc
617 2680 828 2763 promitteret,
844 2679 992 2743 Pictavos
1001 2681 1240 2766 aggrederetur,

273 2784 367 2848 ,adeo
382 2783 531 2847 turbatus
546 2794 604 2859 est,
618 2796 653 2848 ut
665 2783 692 2846 ei
705 2805 762 2867 per
773 2781 902 2844 nuntios
918 2804 991 2845 suos
1002 2783 1240 2848 denunciaverit

287 2910 319 2949 se
328 2886 369 2950 ad
381 2885 575 2972 colloquium
588 2906 650 2949 non
661 2896 841 2961 venturum,
852 2882 911 2945 uisi
925 2882 976 2946 ille
987 2884 1239 2951 Pictaviensibus

287 3010 433 3051 securum
455 2988 597 3073 praebeat
619 2998 841 3066 commeatum,
862 2998 894 3050 et
917 2984 970 3051 det
993 2986 1129 3065 obsides,
1153 2989 1240 3075 qnod

288 3110 345 3150 uec
360 3088 392 3150 in
407 3090 468 3167 itu,
481 3110 537 3151 nec
552 3110 650 3164 mora,
665 3109 722 3150 nec
746 3084 851 3151 reditu
874 3086 940 3172 ipse
960 3085 1008 3150 vel
1031 3088 1079 3152 sui
1102 3088 1240 3176 aliquam

286 3188 331 3250 eis
356 3186 485 3252 inferret
516 3187 683 3252 laesionem.
731 3188 840 3251 Etiam
871 3201 994 3253 certum
1024 3202 1071 3254 est
1098 3191 1185 3276 quod
1216 3191 1242 3255 si

287 3287 373 3352 salva
383 3290 547 3353 honestate
556 3287 695 3371 potuerit
706 3309 724 3347 a
735 3286 972 3353 conditionibus
985 3290 1114 3365 resilire,
1127 3314 1242 3375 oppor-

287 3390 422 3456 tunitate
437 3388 589 3473 temporis
611 3398 776 3469 gratanter
799 3398 918 3450 utetur.
966 3391 1048 3454 Sunt
1069 3391 1163 3454 etiam
1185 3391 1241 3473 qui

288 3505 413 3577 putent,
434 3489 519 3575 quod
544 3510 599 3551 rex
625 3485 750 3570 Angliae
772 3486 861 3551 nullo
882 3488 979 3551 modo
1000 3502 1121 3554 tantam
1141 3492 1240 3575 possit

286 3594 490 3680 ignominiam
515 3590 680 3668 sustinere,
705 3601 741 3651 ut
767 3588 818 3654 his
843 3611 953 3675 pacem
980 3603 1012 3653 et
1038 3604 1142 3655 castra
1167 3615 1239 3656 cunr

287 3695 409 3759 caeteris
424 3693 538 3759 ablatis
554 3693 721 3755 restituere
744 3690 972 3776 compellatur:
1004 3692 1062 3777 qui
1077 3691 1240 3756 interfece-

287 3808 363 3860 runt
378 3816 522 3880 proceres
545 3818 630 3871 suos,
646 3807 678 3858 et
701 3793 815 3858 honori
829 3806 861 3859 et
884 3794 1041 3859 voluntati
1062 3795 1130 3879 ejus
1150 3809 1239 3859 tanta

288 3895 486 3963 contumacia
512 3896 705 3959 restiterunt.
754 3896 840 3960 Solet
865 3899 948 3961 euim
975 3895 1138 3980 improbus
1161 3920 1239 3973 esse,

288 3996 464 4086 praesertim
488 3995 544 4059 ubi
566 3994 721 4080 impetum
744 3996 937 4082 impatientis
959 3998 1056 4061 animi
1076 4000 1238 4064 succendit

288 4102 417 4188 injuria,
433 4098 484 4163 alii
501 4112 607 4162 autem
623 4097 700 4183 quia
711 4098 806 4162 homo
821 4109 965 4163 versutus
983 4112 1042 4179 est,
1056 4114 1087 4164 et
1103 4124 1136 4163 se
1153 4101 1239 4165 videt

289 4202 320 4263 in
337 4216 425 4266 ncrtn
439 4200 591 4288 positum,
605 4197 777 4282 opinantur
796 4198 883 4284 quod
906 4198 998 4263 solita
1020 4201 1190 4264 simulandi
1206 4215 1238 4265 et

290 4302 510 4367 dissimulandi
533 4317 599 4367 arte
616 4314 725 4366 utetur
741 4302 782 4366 ad
804 4323 954 4386 praesens,
970 4312 1002 4366 et
1017 4318 1146 4390 accepto
1162 4318 1241 4369 tem·
