3034 5200
299 769 408 848 lica]
686 787 864 831 arrsronn.
1181 775 1241 832 163

292 949 324 1002 et
338 938 407 1002 aliis
422 937 587 1024 discipulis
605 937 728 1002 diutius
743 937 891 1002 laborans
915 936 944 1000 in
962 937 1157 1021 remigando,
1172 937 1241 1022 jam

289 1062 347 1126 per
360 1041 495 1125 gratiam
512 1041 574 1104 Dei
595 1040 829 1105 detumescente
844 1039 979 1125 procella
999 1039 1151 1124 suffragio
1166 1039 1240 1103 fidei

288 1142 516 1218 convalescens,
532 1141 695 1207 ambulare
712 1141 839 1205 videtur
860 1163 955 1225 super
969 1163 1070 1226 aquas
1084 1154 1116 1205 et
1132 1143 1239 1226 portui

288 1245 554 1330 appropinquare,
570 1247 596 1308 si
611 1244 639 1306 ei
653 1265 746 1329 opem
770 1241 951 1317 contuleris,
967 1253 999 1304 et
1018 1241 1110 1326 quasi
1124 1242 1156 1304 in
1180 1255 1241 1306 ter·

287 1366 354 1408 ram
366 1347 545 1431 projectum
558 1343 818 1430 apprehenderis:
842 1343 964 1420 funem,
980 1354 1016 1406 nt
1028 1365 1067 1405 ex
1082 1345 1241 1407 conscien-

287 1443 332 1507 tia
346 1444 472 1530 loquar,
488 1445 546 1509 tibi
562 1458 593 1511 et
609 1447 674 1510 tuis
694 1445 818 1509 utiliter
833 1443 1025 1531 providebis.
1071 1444 1166 1516 Quod
1183 1469 1240 1529 per

289 1554 320 1607 te
334 1565 397 1607 non
418 1558 521 1630 potes,
536 1546 656 1631 poteris
678 1545 810 1609 fortasse
825 1567 883 1630 per
904 1544 1013 1616 alium,
1029 1555 1061 1607 et
1084 1544 1127 1606 sic
1147 1543 1241 1608 alieni

287 1645 393 1708 meriti
409 1646 468 1708 tibi
483 1633 685 1731 reputabitur
696 1667 823 1708 merces.
858 1645 926 1707 Nee
938 1656 983 1707 est
1001 1656 1037 1707 ut
1049 1641 1075 1706 si
1088 1643 1240 1728 tepueris,

288 1745 387 1810 utaris
402 1747 531 1831 publica
550 1747 764 1827 excusatione,
779 1747 980 1833 praetendens
1000 1757 1137 1810 metum:
1170 1762 1238 1809 tum

289 1851 365 1932 quia
376 1861 504 1913 auctore
515 1851 652 1914 Domino
663 1863 830 1935 suspectus
840 1870 901 1913 non
914 1849 1055 1913 haberis:
1080 1862 1149 1913 tum
1163 1849 1240 1933 quia

287 1949 342 2012 ubi
358 1950 497 2026 libuerit,
509 1951 633 2018 licitum
649 1964 697 2016 est
712 1963 744 2015 et
759 1951 851 2014 facile
867 1963 1014 2036 sumptus
1028 1950 1108 2026 fieri,
1121 1950 1240 2034 quibus

287 2051 395 2117 nullus
416 2054 584 2120 insidiator
606 2058 742 2120 assistat.
788 2053 822 2118 Si
846 2052 994 2118 voluntas
1015 2053 1154 2132 affuerit,
1176 2055 1240 2116 scio

288 2152 346 2218 tibi
361 2157 552 2224 industriam
574 2180 637 2221 non
661 2161 778 2246 deesse.
823 2156 891 2219 Nec
913 2156 974 2219 hoc
996 2155 1142 2231 dixerim,
1159 2155 1238 2219 vivit

288 2255 458 2340 Dominus,
467 2273 503 2324 nt
520 2260 610 2342 mihi,
621 2261 674 2323 cui
689 2259 794 2345 gratia
805 2260 868 2324 Dei
883 2259 1041 2323 ministrat
1055 2259 1239 2334 necessaria,

287 2353 400 2421 faciam
431 2371 603 2444 quaestum,
630 2363 686 2444 qui
715 2360 747 2422 in
778 2360 900 2423 ratione
926 2360 1026 2423 debiti
1056 2371 1088 2422 et
1117 2360 1239 2445 accepti

233 2471 235 2475 ⁴
285 2460 482 2523 nostratibus
507 2460 650 2524 nondum
677 2462 920 2536 communicavi,
946 2461 1001 2525 sed
1029 2473 1065 2526 ut
1091 2461 1238 2526 fraternae

285 2556 427 2625 caritatis
453 2560 597 2648 expleam
625 2583 752 2626 munus.
798 2563 929 2626 Amicos
954 2564 1035 2628 enim
1064 2564 1165 2628 colere
1191 2578 1238 2630 est

286 2659 395 2743 satius,
420 2687 517 2750 quam
547 2687 580 2728 se
609 2664 641 2729 in
671 2665 859 2731 servitutem
888 2667 1024 2753 acceptis
1054 2668 1239 2731 muneribus

285 2760 436 2849 obligare.
483 2767 603 2832 Valete.

284 3057 507 3125 EPISTOLA
535 3058 754 3122 ccum-sn
770 3078 952 3122 nauarcunr
972 3078 1238 3125 wiuronranssn

526 3174 723 3220 nrrscornu.
771 3156 816 3235 [a.
833 3177 864 3220 n.
884 3162 992 3237 lina]

517 3329 600 3391 Idem
614 3329 763 3395 Hernico
783 3334 1006 3401 Wintom'ensr'.

328 3467 534 3532 Snucronuru
576 3467 817 3532 necessitatibus
857 3471 1091 3534 communicare
1131 3485 1235 3536 vestra

285 3567 519 3651 magnificentia
540 3571 716 3651 consuevit,
739 3583 771 3635 et
786 3571 894 3633 oculos
909 3572 941 3632 in
963 3593 1087 3633 omnem
1104 3584 1233 3634 ventum

283 3669 482 3754 providentia
492 3670 704 3735 circumducit
722 3681 758 3732 ut
775 3667 980 3731 beneficentia
997 3667 1111 3750 dignos
1125 3659 1234 3754 eligat,
1310 3680 1313 3686 ’

282 3770 403 3833 reficiat
425 3770 610 3844 esurientes,
625 3780 656 3830 et
674 3765 796 3832 Christi
815 3786 982 3848 pauperes,
998 3781 1095 3851 prout
1117 3770 1233 3854 cuique

282 3872 431 3957 expedire
461 3869 656 3956 cognoverit,
686 3864 874 3930 consoletur.
930 3871 1001 3932 Non
1032 3870 1115 3935 enim
1146 3895 1233 3936 more

281 3986 475 4058 nugatorum
498 3973 595 4058 hujus
617 3968 714 4034 seculi
737 3970 770 4032 in
800 3969 968 4036 histriones
997 3986 1028 4037 et
1052 3977 1175 4048 mimos,
1200 3985 1232 4036 et

281 4071 465 4157 hujusmodi
480 4087 620 4138 monstra
634 4070 796 4135 hominum
810 4072 851 4135 ob
866 4072 960 4136 fernae
971 4073 1231 4157 redemptionem,

283 4181 315 4234 et
340 4171 521 4236 dilationem
546 4172 684 4237 nominis
710 4173 874 4236 effunditis
902 4196 978 4256 opes
1003 4186 1140 4236 vestras:
1176 4175 1231 4238 sed

280 4270 367 4357 apud
379 4293 432 4333 eos
446 4273 636 4355 prudentius
647 4286 679 4336 et
695 4272 855 4337 salubrius
865 4272 1035 4352 collocatis,
1046 4276 1103 4358 qui
1119 4274 1231 4343 timent

280 4383 311 4435 et
326 4370 473 4435 invocant
488 4394 601 4437 nomen
617 4374 759 4449 Domini,
776 4374 893 4436 amicos
907 4371 940 4437 in
955 4384 1073 4438 aeterna
1088 4376 1231 4443 taberna-

723 4478 787 4535 rut
