3034 5200
279 681 322 738 22
540 691 676 736 soannrs
691 690 971 736 manaucaruusrs
1135 674 1182 749 [s.
1199 689 1232 732 n.

279 845 449 910 ditionem:
480 852 599 905 certum
619 843 775 907 habentes
797 843 874 926 quia
887 844 1002 905 melius
1024 853 1074 906 est
1091 841 1234 904 incidere

278 948 312 1010 in
336 966 449 1008 manus
468 944 647 1019 hominum,
670 967 764 1028 quam
787 945 1009 1028 derelinquere
1030 946 1136 1026 legem
1160 944 1236 1020 Dei,

278 1047 327 1109 vel
343 1044 551 1127 turpitudinis
565 1046 725 1109 incurrere
740 1047 908 1109 maculam.
941 1047 1014 1108 Nec
1029 1054 1136 1107 tamen
1151 1064 1233 1127 proe·

278 1144 434 1209 sumimus
449 1143 554 1227 jurare
569 1147 804 1209 observantiam
825 1145 995 1226 evangelii,
1008 1164 1166 1207 memores
1186 1144 1235 1205 in·

278 1246 437 1310 firmitatis
456 1257 592 1310 nostrae:
619 1262 654 1310 ut
672 1248 833 1332 liquidum
855 1248 897 1310 sit
916 1267 1011 1331 quam
1028 1245 1235 1312 temerarium

278 1359 328 1413 est
344 1347 452 1432 jurare
471 1348 506 1410 in
527 1349 779 1412 consuetudines
799 1350 994 1431 reprobatas.
1039 1347 1114 1408 Hoc
1128 1356 1236 1407 autem

279 1471 375 1533 supra
385 1449 517 1512 modum
525 1449 631 1527 miror,
641 1449 728 1533 quod
736 1448 978 1514 cantuariensis
989 1444 1236 1510 archidiaconus

280 1560 335 1614 aut
349 1572 407 1634 per
421 1572 456 1613 se
472 1560 528 1615 aut
540 1571 599 1634 per
617 1551 715 1614 dium
730 1570 797 1613 non
811 1551 936 1613 laborat
950 1548 992 1610 de
1006 1565 1103 1631 pace:
1135 1565 1234 1629 quum

280 1652 310 1714 ei
326 1659 452 1714 constet
467 1652 540 1713 Deo
554 1662 587 1712 et
600 1670 792 1713 mammonae
807 1649 903 1711 simul
922 1648 1031 1711 serviri
1046 1667 1113 1709 non
1129 1664 1236 1731 posse.

281 1752 371 1813 Vale.
401 1750 526 1811 Salutat
537 1759 567 1810 te
579 1749 673 1810 frater
681 1769 772 1811 meus
783 1749 823 1809 R„
835 1760 869 1809 et
879 1748 1008 1809 domurn
1019 1759 1106 1811 tuam
1118 1756 1235 1810 tecum.

281 1850 421 1912 Salutem
438 1846 575 1910 dicimus
590 1848 715 1910 clericis
733 1849 877 1930 capellae,
893 1849 950 1928 qui
963 1868 1025 1908 uec
1047 1868 1090 1909 ex
1105 1848 1236 1910 nomine

280 1947 553 2013 excommunicati
566 1959 651 2023 suna
661 1966 723 2010 nec
739 1947 871 2010 aliorum
883 1947 1137 2028 participatione.
1163 1949 1235 2011 Mc·

280 2058 389 2113 mento
403 2044 503 2110 nostri
516 2048 550 2108 in
565 2047 762 2111 emtionibus
776 2046 839 2108 tuis
854 2045 1002 2108 memoris
1016 2045 1073 2109 tui.

281 2362 501 2429 EPlSTOLA
516 2361 755 2426 CXCVL-au
765 2379 847 2426 unc.
858 2380 935 2429 mu.
948 2385 991 2429 ua
1003 2383 1236 2431 astronomo.

651 2463 696 2544 [s.
713 2483 745 2528 n.
765 2464 874 2546 lica]

361 2619 457 2686 Jocn.
473 2620 583 2685 Sarca-
598 2620 692 2703 May.
708 2621 882 2706 Rodulpbo
895 2625 935 2687 de
950 2625 1157 2690 Bellomoatc.

324 2781 431 2845 Vnam
446 2781 557 2845 titulus
571 2779 701 2864 pietatis
716 2782 807 2844 nullo
820 2781 935 2844 melius
949 2782 1096 2845 clarescit
1115 2780 1236 2844 indicio

285 2906 380 2969 quam
395 2905 493 2968 quum
508 2884 574 2946 illis
588 2880 836 2946 misericorditer
850 2882 1009 2961 subvenit,
1024 2883 1079 2967 qui
1094 2883 1235 2946 humano

283 2985 397 3048 solatio
413 2983 557 3048 destituti
571 2996 657 3061 sunt,
671 2994 704 3047 et
719 3002 799 3068 quos
813 2983 956 3066 ingratus
970 2984 1042 3049 Deo
1057 2984 1154 3066 gratis
1165 3006 1235 3068 per·

284 3083 425 3169 sequitur
444 3084 595 3149 mundus.
641 3086 715 3148 Hoc
725 3085 834 3170 itaque
843 3094 876 3149 te
887 3097 1069 3150 assecutum
1078 3107 1148 3149 esse
1160 3108 1236 3149 con-

284 3189 433 3269 gratulor,
448 3183 602 3271 gaudens,
619 3184 705 3268 quod
726 3197 842 3267 praeter
860 3187 1047 3271 opinionem
1066 3190 1236 3252 multorum

283 3288 389 3354 atsere
401 3288 555 3365 omnium,
564 3306 629 3348 non
641 3284 715 3347 dico
727 3282 880 3349 secularis
891 3286 1087 3351 adminiculo
1095 3289 1235 3371 philoso-

283 3390 381 3474 phiae,
402 3388 458 3452 aed
480 3386 623 3469 igniculo
646 3382 786 3468 Spiritus
808 3384 930 3462 Sancti,
951 3395 1043 3448 tuum
1066 3387 1107 3449 ad
1129 3406 1236 3451 veram

283 3490 472 3574 sapientiam
488 3486 628 3550 animum
645 3483 853 3549 accendentis
874 3484 992 3569 pariter
1005 3498 1037 3549 et
1050 3487 1238 3550 illustrantis

285 3612 417 3659 exerces
431 3603 528 3672 opera
547 3586 685 3670 pietatis.
723 3584 779 3665 Et,
795 3586 879 3649 sicut
898 3605 940 3650 ex
960 3586 1113 3651 relatione
1127 3588 1238 3652 latoris

286 3690 491 3773 praesentium
505 3685 615 3766 didici,
629 3683 712 3751 inter
727 3684 868 3749 caritatis
883 3686 1121 3771 impugnatores
1136 3686 1238 3773 (quod

287 3807 394 3873 reram
406 3787 732 3867 deeetChristianum)
744 3785 1038 3870 fraternitatisque
1049 3786 1081 3850 in
1093 3786 1237 3851 Domino

286 3898 345 3966 eat,
361 3906 457 3951 ausus
472 3906 506 3948 es
528 3887 702 3950 reminisci.
746 3887 812 3951 Sed
835 3887 921 3951 unde
936 3886 999 3951 hoc
1022 3888 1092 3962 tibi,
1114 3886 1157 3949 mi
1172 3888 1237 3950 Ra·

286 3990 416 4075 dulphe,
428 3985 604 4070 presertim
615 3988 784 4070 quum,qui
798 3989 956 4053 columnae
968 3987 1156 4051 videbantur
1167 4008 1237 4050 esse

288 4087 457 4166 Ecclesiae,
476 4084 652 4169 trepident:
686 4099 718 4150 et
737 4087 884 4169 gigantes
904 4088 960 4173 qui
981 4090 1088 4152 orbem
1111 4097 1237 4169 portare

196 4237 197 4241 =
288 4195 475 4269 debuerant,
501 4182 625 4251 facilius
653 4188 863 4253 inundatione
893 4209 1045 4273 aquarum
1077 4188 1239 4270 submergi

287 4297 506 4384 acquiescant,
519 4313 612 4377 quarn
627 4312 750 4373 gemere
763 4291 774 4355 l
798 4290 965 4357 Mandavit
977 4290 1137 4353 Dominus
1146 4291 1240 4354 nubi·
