3034 5200
292 713 401 798 1162]
678 732 858 779 anrsroun.
1205 719 1247 795 tt

288 885 478 968 sumptibus,
503 906 624 969 quaeso,
645 885 680 948 in
704 884 766 948 hac
792 894 823 948 te
847 884 936 948 nulla
952 882 1073 945 ratione
1092 882 1242 964 parcatis.

287 987 406 1052 Precor
419 986 514 1051 etiam
529 987 641 1050 iterata
661 985 908 1068 supplicatione,
923 984 1071 1067 quatinus
1090 982 1124 1044 in
1140 984 1243 1065 operi·

288 1088 349 1150 bus
363 1087 552 1164 Aristotelis,
566 1087 623 1150 ubi
634 1084 815 1148 difficiliora
829 1085 1090 1161 suerint,nottdas
1105 1079 1241 1158 faciatis,

288 1208 327 1250 eo
350 1186 438 1271 quod
464 1188 666 1274 interpretem
688 1186 890 1269 aliquatenus
911 1194 1097 1268 suspectum
1118 1186 1241 1250 habeo:

289 1287 365 1373 quia
376 1288 453 1352 licet
467 1289 621 1372 eloquens
635 1286 730 1348 suerit
749 1287 840 1361 alias,
854 1296 889 1349 ut
904 1307 989 1370 saepe
1005 1285 1123 1364 audiri,
1136 1286 1242 1350 minus

291 1397 398 1460 tamen
413 1387 522 1464 sintin
538 1386 743 1469 grammatica
756 1386 931 1450 institutus.

294 1646 518 1716 EPISTOLA
541 1645 765 1710 ccxli-sn
786 1662 861 1708 arn.
883 1663 1035 1709 aaronem
1049 1661 1244 1708 wroonnnn·

608 1763 683 1809 ssu.
710 1745 754 1825 [a.
768 1762 800 1808 n.
818 1744 928 1825 noa]

377 1880 474 1943 Joan.
491 1877 618 1942 uarat.
632 1879 779 1961 Radulso
795 1880 911 1943 Priori
932 1879 1148 1960 Wigorncnsi.

334 2005 506 2080 Ausonum
536 2004 633 2088 copia
661 2003 773 2087 nequit
799 2003 988 2084 extinguere
1012 2004 1187 2082 caritatem,
1212 2013 1246 2068 et
1339 2035 1346 2049 ·

294 2105 425 2182 sinceras
441 2104 625 2169 dilectionis
639 2107 774 2168 affectus
789 2125 823 2168 se
837 2105 1016 2188 perspicuis
1031 2103 1159 2168 indiciis
1173 2126 1246 2188 pro·

295 2207 369 2271 dere
385 2207 563 2271 consuevit.
607 2206 737 2268 Poterat
756 2225 832 2284 ergo
847 2205 948 2269 videri
960 2206 1033 2290 jure
1053 2204 1170 2268 silentii
1184 2205 1247 2268 mei

295 2307 483 2371 diuturnitas
494 2305 669 2390 arguenda,
677 2305 739 2370 nisi
749 2314 782 2369 et
792 2307 967 2370 necessitas
975 2304 1249 2389 peregrinationis,

295 2419 329 2478 et
342 2410 487 2470 locorum
503 2406 654 2471 distantia
668 2416 701 2470 et
714 2407 971 2484 intermeantium
985 2408 1107 2486 raritas,
1119 2419 1151 2472 et
1164 2407 1247 2470 diffi-

296 2509 399 2576 cultas
425 2508 685 2586 commeantium,
711 2517 745 2571 et
770 2508 950 2592 perniciosa
973 2509 1036 2572 sibi
1061 2518 1094 2573 et
1119 2508 1249 2573 odibilis

295 2612 380 2685 Deo,
390 2610 539 2674 officiosa
552 2619 658 2673 tamen
670 2610 828 2679 Ecclesiae
838 2610 1059 2675 insidiatorum
1071 2611 1249 2694 diligentia,

294 2710 435 2782 caritatis
450 2711 616 2775 silentium
634 2719 838 2775 excusarent
882 2711 1068 2775 Officiosam
1082 2733 1160 2775 sane
1176 2712 1248 2774 dix·

295 2811 372 2874 erim
384 2812 605 2895 praeordinatis
617 2811 658 2875 ad
671 2812 781 2890 vitam,
792 2812 909 2896 quibus
921 2813 1028 2876 omnia
1039 2822 1250 2895 cooperantur

294 2912 328 2988 in
339 2913 473 2990 bonurn,
483 2914 604 2977 rabiem
614 2922 898 2996 persequutorum:
914 2913 992 2996 quia
1002 2922 1034 2977 et
1045 2912 1121 2983 dum
1131 2911 1249 2995 impius

297 3013 453 3094 superbit,
474 3012 656 3076 incenditur
675 3034 817 3095 pauper:
840 3022 874 3076 et
895 3012 972 3092 dum
993 3012 1116 3091 malitia
1134 3010 1251 3076 debac-

297 3111 412 3173 chatur
424 3112 580 3189 insanius,
594 3113 650 3195 qui
669 3103 703 3174 in
724 3113 912 3177 conflatorio
928 3115 1061 3180 Domini
1076 3123 1161 3191 sunt,
1174 3134 1250 3196 pur-

258 3251 267 3270 .
298 3217 413 3297 gantur
441 3212 579 3293 amplius
603 3206 658 3281 aut
682 3213 862 3295 probantur.¹
909 3215 1008 3291 Nunc
1038 3224 1144 3276 autem
1174 3214 1251 3298 quia

298 3312 380 3393 mibi
394 3310 545 3376 divinitus
561 3314 677 3377 collata
691 3325 740 3378 est
758 3315 985 3398 impertiendae
1000 3326 1118 3397 optatae
1133 3317 1249 3379 saluta·

297 3413 394 3490 tionis
412 3414 551 3493 occasio,
577 3418 851 3499 opportunitatem
878 3425 1037 3498 gratanter
1066 3416 1193 3500 arripui,
1219 3427 1257 3479 et·

297 3526 402 3580 vestro
430 3516 659 3588 interveniente
690 3519 799 3581 officio
827 3539 943 3602 precor
971 3519 1122 3581 attentius
1151 3526 1251 3581 totam

298 3618 544 3698 Wigorneusem
565 3621 749 3684 Ecclesiam
764 3620 893 3683 nomine
908 3641 981 3683 meo
997 3618 1180 3698 diligentius
1202 3642 1251 3683 sa·

196 3753 198 3755 -
297 3716 403 3794 lutari,
429 3739 523 3781 orans
548 3729 583 3782 ut
607 3719 792 3783 memoriam
815 3720 879 3784 mei
903 3719 1058 3797 babeatis,
1085 3729 1118 3783 et
1140 3719 1252 3784 haberi

297 3817 423 3882 faciatis
442 3820 475 3883 in
496 3819 691 3893 orationibus
712 3821 794 3906 ejus,
809 3832 841 3884 et
855 3842 990 3903 agonem
1009 3822 1168 3895 Ecclesiae
1184 3822 1251 3885 Do·

299 3918 388 3982 mino
404 3918 525 3983 sedulis
544 3922 695 4003 precibus
715 3921 957 3985 commendetis.
1004 3924 1089 3986 Nam
1108 3922 1195 4006 quod
1210 3922 1253 3986 ad

298 4021 487 4103 temporalia
502 4030 535 4084 et
549 4022 696 4085 solatium
715 4022 870 4104 corporis,
885 4045 953 4086 non
975 4034 1040 4087 tam
1054 4025 1096 4087 ad
1111 4021 1252 4084 necessi-

297 4126 394 4181 tatem
420 4141 517 4203 quam
543 4119 585 4183 ad
612 4119 744 4185 delicias
771 4122 1016 4204 promissionem
1040 4120 1159 4186 Christi
1183 4138 1253 4183 esse

295 4218 492 4281 verissimam
508 4241 567 4302 ego
584 4228 617 4283 et
632 4222 786 4283 coenules
802 4222 996 4303 experimur,
1011 4228 1047 4282 ut
1061 4218 1142 4279 nihil
1157 4216 1253 4281 nobis

303 4315 435 4382 defuerit
453 4321 671 4403 probabiliter,
686 4319 944 4403 expetendorum
964 4342 1023 4403 pro
1042 4330 1197 4402 tempore,
1211 4337 1256 4381 ex
