<?xml version="1.0" encoding="UTF-8"?>
<!DOCTYPE html PUBLIC "-//W3C//DTD XHTML 1.0 Transitional//EN"
    "http://www.w3.org/TR/xhtml1/DTD/xhtml1-transitional.dtd">
<html xmlns="http://www.w3.org/1999/xhtml" xml:lang="en" lang="en">
 <head>
  <title>
</title>
<meta http-equiv="Content-Type" content="text/html;charset=utf-8" />
  <meta name='ocr-system' content='tesseract 3.04.00' />
  <meta name='ocr-capabilities' content='ocr_page ocr_carea ocr_par ocr_line ocrx_word'/>
</head>
<body>
  <div class='ocr_page' id='page_1' title='image "./joannissaresber11johngoog_0314.png"; bbox 0 0 3034 5200; ppageno 0'>
   <div class='ocr_carea' id='block_1_1' title="bbox 289 698 1235 780">
    <p class='ocr_par' dir='ltr' id='par_1_1' title="bbox 289 698 1235 780">
     <span class='ocr_line' id='line_1_1' title="bbox 289 698 1235 780; baseline -0.006 -18"><span class='ocrx_word' id='word_1_1' title='bbox 289 701 396 780; x_wconf 78' lang='lat' dir='ltr'>usa]</span> <span class='ocrx_word' id='word_1_2' title='bbox 672 716 851 762; x_wconf 72' lang='lat' dir='ltr'>amorosa.</span> <span class='ocrx_word' id='word_1_3' title='bbox 1173 698 1235 756; x_wconf 72' lang='lat'>995</span> 
     </span>
    </p>
   </div>
   <div class='ocr_carea' id='block_1_2' title="bbox 279 864 1237 3094">
    <p class='ocr_par' dir='ltr' id='par_1_2' title="bbox 279 864 1237 3094">
     <span class='ocr_line' id='line_1_2' title="bbox 283 864 1234 954; baseline -0.008 -21"><span class='ocrx_word' id='word_1_4' title='bbox 283 869 475 954; x_wconf 83' lang='lat' dir='ltr'>procedente</span> <span class='ocrx_word' id='word_1_5' title='bbox 497 876 651 952; x_wconf 90' lang='lat' dir='ltr'>tempore,</span> <span class='ocrx_word' id='word_1_6' title='bbox 665 867 706 930; x_wconf 91' lang='lat' dir='ltr'>ad</span> <span class='ocrx_word' id='word_1_7' title='bbox 722 864 937 931; x_wconf 89' lang='lat' dir='ltr'>venerabilem</span> <span class='ocrx_word' id='word_1_8' title='bbox 952 874 1075 950; x_wconf 88' lang='lat' dir='ltr'>patrem</span> <span class='ocrx_word' id='word_1_9' title='bbox 1091 873 1234 927; x_wconf 89' lang='lat' dir='ltr'>nostrum</span> 
     </span>
     <span class='ocr_line' id='line_1_3' title="bbox 286 963 1235 1051; baseline -0.008 -17"><span class='ocrx_word' id='word_1_10' title='bbox 286 970 429 1047; x_wconf 90' lang='lat' dir='ltr'>Petrum,</span> <span class='ocrx_word' id='word_1_11' title='bbox 439 980 556 1034; x_wconf 88' lang='lat' dir='ltr'>sanctae</span> <span class='ocrx_word' id='word_1_12' title='bbox 569 967 725 1033; x_wconf 77' lang='lat' dir='ltr'>Romanae</span> <span class='ocrx_word' id='word_1_13' title='bbox 735 966 878 1033; x_wconf 88' lang='lat' dir='ltr'>ecclesiae</span> <span class='ocrx_word' id='word_1_14' title='bbox 889 965 983 1031; x_wconf 90' lang='lat' dir='ltr'>titulo</span> <span class='ocrx_word' id='word_1_15' title='bbox 994 971 1027 1033; x_wconf 88' lang='lat' dir='ltr'>S.</span> <span class='ocrx_word' id='word_1_16' title='bbox 1039 963 1235 1051; x_wconf 85' lang='lat' dir='ltr'>Chrysogoni</span> 
     </span>
     <span class='ocr_line' id='line_1_4' title="bbox 283 1066 1236 1156; baseline -0.006 -21"><span class='ocrx_word' id='word_1_17' title='bbox 283 1071 489 1150; x_wconf 85' lang='lat' dir='ltr'>cardinalem,</span> <span class='ocrx_word' id='word_1_18' title='bbox 519 1068 700 1156; x_wconf 85' lang='lat' dir='ltr'>apostolicae</span> <span class='ocrx_word' id='word_1_19' title='bbox 735 1067 818 1133; x_wconf 90' lang='lat' dir='ltr'>sedis</span> <span class='ocrx_word' id='word_1_20' title='bbox 846 1067 1000 1152; x_wconf 87' lang='lat' dir='ltr'>legatum,</span> <span class='ocrx_word' id='word_1_21' title='bbox 1030 1066 1173 1142; x_wconf 88' lang='lat' dir='ltr'>accessit,</span> <span class='ocrx_word' id='word_1_22' title='bbox 1202 1077 1236 1129; x_wconf 92' lang='lat' dir='ltr'>et</span> 
     </span>
     <span class='ocr_line' id='line_1_5' title="bbox 284 1167 1237 1259; baseline -0.006 -23"><span class='ocrx_word' id='word_1_23' title='bbox 284 1173 425 1258; x_wconf 89' lang='lat' dir='ltr'>praestita</span> <span class='ocrx_word' id='word_1_24' title='bbox 435 1174 590 1259; x_wconf 84' lang='lat' dir='ltr'>juratoria</span> <span class='ocrx_word' id='word_1_25' title='bbox 604 1171 762 1248; x_wconf 90' lang='lat' dir='ltr'>cautione,</span> <span class='ocrx_word' id='word_1_26' title='bbox 775 1193 808 1234; x_wconf 91' lang='lat' dir='ltr'>se</span> <span class='ocrx_word' id='word_1_27' title='bbox 820 1169 860 1249; x_wconf 88' lang='lat' dir='ltr'>de</span> <span class='ocrx_word' id='word_1_28' title='bbox 871 1169 993 1255; x_wconf 90' lang='lat' dir='ltr'>injuriis</span> <span class='ocrx_word' id='word_1_29' title='bbox 1007 1179 1041 1233; x_wconf 92' lang='lat' dir='ltr'>et</span> <span class='ocrx_word' id='word_1_30' title='bbox 1054 1167 1237 1232; x_wconf 88' lang='lat' dir='ltr'>laesionibus</span> 
     </span>
     <span class='ocr_line' id='line_1_6' title="bbox 283 1269 1236 1356; baseline -0.007 -17"><span class='ocrx_word' id='word_1_31' title='bbox 283 1274 427 1340; x_wconf 84' lang='lat' dir='ltr'>ecclesiae</span> <span class='ocrx_word' id='word_1_32' title='bbox 453 1285 638 1338; x_wconf 67' lang='lat' dir='ltr'>memoratae</span> <span class='ocrx_word' id='word_1_33' title='bbox 667 1271 911 1349; x_wconf 89' lang='lat' dir='ltr'>satisfacturum,</span> <span class='ocrx_word' id='word_1_34' title='bbox 935 1282 1092 1356; x_wconf 84' lang='lat' dir='ltr'>praesente</span> <span class='ocrx_word' id='word_1_35' title='bbox 1122 1269 1236 1334; x_wconf 84' lang='lat' dir='ltr'>illustri</span> 
     </span>
     <span class='ocr_line' id='line_1_7' title="bbox 287 1372 1236 1460; baseline -0.005 -19"><span class='ocrx_word' id='word_1_36' title='bbox 287 1378 464 1460; x_wconf 85' lang='lat' dir='ltr'>Anglorum</span> <span class='ocrx_word' id='word_1_37' title='bbox 478 1398 552 1459; x_wconf 82' lang='lat' dir='ltr'>rege</span> <span class='ocrx_word' id='word_1_38' title='bbox 567 1386 600 1438; x_wconf 89' lang='lat' dir='ltr'>et</span> <span class='ocrx_word' id='word_1_39' title='bbox 611 1396 668 1459; x_wconf 90' lang='lat' dir='ltr'>pro</span> <span class='ocrx_word' id='word_1_40' title='bbox 682 1396 721 1438; x_wconf 92' lang='lat' dir='ltr'>eo</span> <span class='ocrx_word' id='word_1_41' title='bbox 736 1373 966 1452; x_wconf 81' lang='lat' dir='ltr'>intercedente,</span> <span class='ocrx_word' id='word_1_42' title='bbox 975 1372 1092 1437; x_wconf 89' lang='lat' dir='ltr'>meruit</span> <span class='ocrx_word' id='word_1_43' title='bbox 1106 1372 1236 1450; x_wconf 88' lang='lat' dir='ltr'>absolvi,</span> 
     </span>
     <span class='ocr_line' id='line_1_8' title="bbox 285 1475 1235 1562; baseline 0 -22"><span class='ocrx_word' id='word_1_44' title='bbox 285 1478 396 1542; x_wconf 90' lang='lat' dir='ltr'>relicto</span> <span class='ocrx_word' id='word_1_45' title='bbox 421 1477 512 1541; x_wconf 91' lang='lat' dir='ltr'>uobis</span> <span class='ocrx_word' id='word_1_46' title='bbox 541 1476 625 1562; x_wconf 91' lang='lat' dir='ltr'>quod</span> <span class='ocrx_word' id='word_1_47' title='bbox 656 1477 696 1539; x_wconf 93' lang='lat' dir='ltr'>de</span> <span class='ocrx_word' id='word_1_48' title='bbox 721 1476 795 1560; x_wconf 89' lang='lat' dir='ltr'>jure</span> <span class='ocrx_word' id='word_1_49' title='bbox 825 1475 964 1538; x_wconf 87' lang='lat' dir='ltr'>restabat</span> <span class='ocrx_word' id='word_1_50' title='bbox 986 1475 1235 1561; x_wconf 86' lang='lat' dir='ltr'>exsequendum.</span> 
     </span>
     <span class='ocr_line' id='line_1_9' title="bbox 287 1577 1237 1664; baseline -0.003 -18"><span class='ocrx_word' id='word_1_51' title='bbox 287 1580 412 1646; x_wconf 88' lang='lat' dir='ltr'>Citatus</span> <span class='ocrx_word' id='word_1_52' title='bbox 421 1602 496 1644; x_wconf 87' lang='lat' dir='ltr'>vero</span> <span class='ocrx_word' id='word_1_53' title='bbox 507 1599 613 1643; x_wconf 89' lang='lat' dir='ltr'>comes</span> <span class='ocrx_word' id='word_1_54' title='bbox 624 1579 775 1664; x_wconf 84' lang='lat' dir='ltr'>praestitae</span> <span class='ocrx_word' id='word_1_55' title='bbox 789 1599 853 1641; x_wconf 93' lang='lat' dir='ltr'>non</span> <span class='ocrx_word' id='word_1_56' title='bbox 869 1579 956 1642; x_wconf 90' lang='lat' dir='ltr'>stetit</span> <span class='ocrx_word' id='word_1_57' title='bbox 967 1577 1117 1657; x_wconf 88' lang='lat' dir='ltr'>cautioni,</span> <span class='ocrx_word' id='word_1_58' title='bbox 1127 1579 1237 1643; x_wconf 90' lang='lat' dir='ltr'>dicens</span> 
     </span>
     <span class='ocr_line' id='line_1_10' title="bbox 285 1679 1235 1766; baseline -0.003 -20"><span class='ocrx_word' id='word_1_59' title='bbox 285 1705 319 1746; x_wconf 89' lang='lat' dir='ltr'>sa</span> <span class='ocrx_word' id='word_1_60' title='bbox 335 1683 368 1745; x_wconf 97' lang='lat' dir='ltr'>in</span> <span class='ocrx_word' id='word_1_61' title='bbox 384 1682 465 1746; x_wconf 90' lang='lat' dir='ltr'>hanc</span> <span class='ocrx_word' id='word_1_62' title='bbox 480 1681 615 1746; x_wconf 82' lang='lat' dir='ltr'>formam</span> <span class='ocrx_word' id='word_1_63' title='bbox 627 1702 689 1744; x_wconf 90' lang='lat' dir='ltr'>non</span> <span class='ocrx_word' id='word_1_64' title='bbox 702 1679 884 1766; x_wconf 89' lang='lat' dir='ltr'>praestitisse</span> <span class='ocrx_word' id='word_1_65' title='bbox 894 1680 1129 1765; x_wconf 88' lang='lat' dir='ltr'>juramentum:</span> <span class='ocrx_word' id='word_1_66' title='bbox 1151 1680 1235 1744; x_wconf 90' lang='lat' dir='ltr'>unde</span> 
     </span>
     <span class='ocr_line' id='line_1_11' title="bbox 286 1781 1236 1869; baseline -0.004 -21"><span class='ocrx_word' id='word_1_67' title='bbox 286 1795 320 1849; x_wconf 92' lang='lat' dir='ltr'>et</span> <span class='ocrx_word' id='word_1_68' title='bbox 334 1783 499 1869; x_wconf 82' lang='lat' dir='ltr'>pristinam</span> <span class='ocrx_word' id='word_1_69' title='bbox 515 1805 535 1847; x_wconf 90' lang='lat' dir='ltr'>a</span> <span class='ocrx_word' id='word_1_70' title='bbox 548 1782 641 1848; x_wconf 89' lang='lat' dir='ltr'>uobis</span> <span class='ocrx_word' id='word_1_71' title='bbox 652 1783 801 1846; x_wconf 89' lang='lat' dir='ltr'>reductus</span> <span class='ocrx_word' id='word_1_72' title='bbox 816 1781 911 1845; x_wconf 90' lang='lat' dir='ltr'>estin</span> <span class='ocrx_word' id='word_1_73' title='bbox 926 1781 1127 1858; x_wconf 89' lang='lat' dir='ltr'>sententiam,</span> <span class='ocrx_word' id='word_1_74' title='bbox 1139 1803 1236 1868; x_wconf 91' lang='lat' dir='ltr'>quam</span> 
     </span>
     <span class='ocr_line' id='line_1_12' title="bbox 284 1882 1235 1972; baseline -0.003 -22"><span class='ocrx_word' id='word_1_75' title='bbox 284 1886 432 1950; x_wconf 86' lang='lat' dir='ltr'>dominus</span> <span class='ocrx_word' id='word_1_76' title='bbox 446 1908 529 1972; x_wconf 92' lang='lat' dir='ltr'>papa</span> <span class='ocrx_word' id='word_1_77' title='bbox 545 1885 729 1950; x_wconf 88' lang='lat' dir='ltr'>Alexander</span> <span class='ocrx_word' id='word_1_78' title='bbox 744 1883 810 1949; x_wconf 91' lang='lat'>111.</span> <span class='ocrx_word' id='word_1_79' title='bbox 831 1882 1038 1950; x_wconf 89' lang='lat' dir='ltr'>confirmavit.</span> <span class='ocrx_word' id='word_1_80' title='bbox 1075 1883 1235 1961; x_wconf 86' lang='lat' dir='ltr'>Tandem,</span> 
     </span>
     <span class='ocr_line' id='line_1_13' title="bbox 285 1983 1236 2072; baseline 0 -22"><span class='ocrx_word' id='word_1_81' title='bbox 285 1991 385 2072; x_wconf 91' lang='lat' dir='ltr'>quum</span> <span class='ocrx_word' id='word_1_82' title='bbox 408 1985 556 2050; x_wconf 87' lang='lat' dir='ltr'>dominus</span> <span class='ocrx_word' id='word_1_83' title='bbox 577 1984 755 2069; x_wconf 82' lang='lat' dir='ltr'>Auglorum</span> <span class='ocrx_word' id='word_1_84' title='bbox 779 2007 835 2048; x_wconf 89' lang='lat' dir='ltr'>rex</span> <span class='ocrx_word' id='word_1_85' title='bbox 856 1983 978 2048; x_wconf 91' lang='lat' dir='ltr'>doleret</span> <span class='ocrx_word' id='word_1_86' title='bbox 999 1984 1090 2048; x_wconf 93' lang='lat' dir='ltr'>illum</span> <span class='ocrx_word' id='word_1_87' title='bbox 1112 1985 1236 2050; x_wconf 91' lang='lat' dir='ltr'>tamdiu</span> 
     </span>
     <span class='ocr_line' id='line_1_14' title="bbox 284 2086 1234 2172; baseline 0.002 -22"><span class='ocrx_word' id='word_1_88' title='bbox 284 2087 604 2152; x_wconf 87' lang='lat' dir='ltr'>excommunicationi</span> <span class='ocrx_word' id='word_1_89' title='bbox 624 2086 799 2172; x_wconf 88' lang='lat' dir='ltr'>subjacere,</span> <span class='ocrx_word' id='word_1_90' title='bbox 815 2086 935 2171; x_wconf 85' lang='lat' dir='ltr'>regiam</span> <span class='ocrx_word' id='word_1_91' title='bbox 955 2087 1073 2172; x_wconf 89' lang='lat' dir='ltr'>adjecit</span> <span class='ocrx_word' id='word_1_92' title='bbox 1092 2111 1234 2166; x_wconf 90' lang='lat' dir='ltr'>manum,</span> 
     </span>
     <span class='ocr_line' id='line_1_15' title="bbox 284 2188 1237 2276; baseline 0.003 -23"><span class='ocrx_word' id='word_1_93' title='bbox 284 2190 423 2254; x_wconf 90' lang='lat' dir='ltr'>eundem</span> <span class='ocrx_word' id='word_1_94' title='bbox 445 2189 640 2276; x_wconf 88' lang='lat' dir='ltr'>compellens</span> <span class='ocrx_word' id='word_1_95' title='bbox 654 2199 690 2253; x_wconf 92' lang='lat' dir='ltr'>ut</span> <span class='ocrx_word' id='word_1_96' title='bbox 705 2188 899 2254; x_wconf 85' lang='lat' dir='ltr'>exhibitione</span> <span class='ocrx_word' id='word_1_97' title='bbox 917 2190 1051 2275; x_wconf 85' lang='lat' dir='ltr'>justitiae</span> <span class='ocrx_word' id='word_1_98' title='bbox 1071 2213 1104 2255; x_wconf 88' lang='lat' dir='ltr'>se</span> <span class='ocrx_word' id='word_1_99' title='bbox 1125 2214 1144 2255; x_wconf 93' lang='lat' dir='ltr'>a</span> <span class='ocrx_word' id='word_1_100' title='bbox 1163 2214 1237 2256; x_wconf 87' lang='lat' dir='ltr'>sen·</span> 
     </span>
     <span class='ocr_line' id='line_1_16' title="bbox 283 2289 1237 2376; baseline 0.004 -22"><span class='ocrx_word' id='word_1_101' title='bbox 283 2291 384 2355; x_wconf 92' lang='lat' dir='ltr'>tentia</span> <span class='ocrx_word' id='word_1_102' title='bbox 406 2289 741 2355; x_wconf 85' lang='lat' dir='ltr'>excommunicationis</span> <span class='ocrx_word' id='word_1_103' title='bbox 764 2313 828 2376; x_wconf 93' lang='lat' dir='ltr'>qua</span> <span class='ocrx_word' id='word_1_104' title='bbox 848 2291 1019 2356; x_wconf 87' lang='lat' dir='ltr'>tenebatur</span> <span class='ocrx_word' id='word_1_105' title='bbox 1038 2291 1158 2358; x_wconf 83' lang='lat' dir='ltr'>faceret</span> <span class='ocrx_word' id='word_1_106' title='bbox 1179 2294 1237 2358; x_wconf 90' lang='lat' dir='ltr'>ab·</span> 
     </span>
     <span class='ocr_line' id='line_1_17' title="bbox 283 2392 1237 2477; baseline 0.005 -21"><span class='ocrx_word' id='word_1_107' title='bbox 283 2392 371 2458; x_wconf 89' lang='lat' dir='ltr'>solvi.</span> <span class='ocrx_word' id='word_1_108' title='bbox 417 2394 485 2456; x_wconf 90' lang='lat' dir='ltr'>Nos</span> <span class='ocrx_word' id='word_1_109' title='bbox 506 2403 613 2456; x_wconf 86' lang='lat' dir='ltr'>autern</span> <span class='ocrx_word' id='word_1_110' title='bbox 637 2413 742 2455; x_wconf 91' lang='lat' dir='ltr'>comes</span> <span class='ocrx_word' id='word_1_111' title='bbox 764 2392 932 2476; x_wconf 88' lang='lat' dir='ltr'>poenitens,</span> <span class='ocrx_word' id='word_1_112' title='bbox 953 2405 990 2456; x_wconf 92' lang='lat' dir='ltr'>ut</span> <span class='ocrx_word' id='word_1_113' title='bbox 1004 2393 1182 2477; x_wconf 87' lang='lat' dir='ltr'>videbatur,</span> <span class='ocrx_word' id='word_1_114' title='bbox 1202 2408 1237 2461; x_wconf 92' lang='lat' dir='ltr'>et</span> 
     </span>
     <span class='ocr_line' id='line_1_18' title="bbox 283 2492 1235 2578; baseline 0.006 -22"><span class='ocrx_word' id='word_1_115' title='bbox 283 2492 378 2556; x_wconf 89' lang='lat' dir='ltr'>corde</span> <span class='ocrx_word' id='word_1_116' title='bbox 401 2493 554 2557; x_wconf 89' lang='lat' dir='ltr'>contritus</span> <span class='ocrx_word' id='word_1_117' title='bbox 571 2492 660 2572; x_wconf 91' lang='lat' dir='ltr'>adiit,</span> <span class='ocrx_word' id='word_1_118' title='bbox 675 2514 712 2556; x_wconf 93' lang='lat' dir='ltr'>ac</span> <span class='ocrx_word' id='word_1_119' title='bbox 734 2493 775 2556; x_wconf 92' lang='lat' dir='ltr'>de</span> <span class='ocrx_word' id='word_1_120' title='bbox 798 2493 920 2578; x_wconf 92' lang='lat' dir='ltr'>injuriis</span> <span class='ocrx_word' id='word_1_121' title='bbox 942 2494 1135 2561; x_wconf 85' lang='lat' dir='ltr'>satisfaciens</span> <span class='ocrx_word' id='word_1_122' title='bbox 1149 2521 1235 2562; x_wconf 89' lang='lat' dir='ltr'>corn-</span> 
     </span>
     <span class='ocr_line' id='line_1_19' title="bbox 279 2595 1235 2682; baseline 0.008 -23"><span class='ocrx_word' id='word_1_123' title='bbox 279 2606 436 2681; x_wconf 91' lang='lat' dir='ltr'>petenter,</span> <span class='ocrx_word' id='word_1_124' title='bbox 451 2595 493 2660; x_wconf 91' lang='lat' dir='ltr'>ad</span> <span class='ocrx_word' id='word_1_125' title='bbox 507 2618 619 2681; x_wconf 87' lang='lat' dir='ltr'>preces</span> <span class='ocrx_word' id='word_1_126' title='bbox 634 2595 755 2659; x_wconf 90' lang='lat' dir='ltr'>domini</span> <span class='ocrx_word' id='word_1_127' title='bbox 771 2596 854 2681; x_wconf 83' lang='lat' dir='ltr'>regis</span> <span class='ocrx_word' id='word_1_128' title='bbox 870 2597 1048 2682; x_wconf 87' lang='lat' dir='ltr'>Anglorum</span> <span class='ocrx_word' id='word_1_129' title='bbox 1064 2605 1097 2664; x_wconf 85' lang='lat' dir='ltr'>e&#39;t</span> <span class='ocrx_word' id='word_1_130' title='bbox 1111 2601 1235 2666; x_wconf 90' lang='lat' dir='ltr'>abbatis</span> 
     </span>
     <span class='ocr_line' id='line_1_20' title="bbox 282 2697 1236 2788; baseline 0.009 -27"><span class='ocrx_word' id='word_1_131' title='bbox 282 2708 315 2763; x_wconf 92' lang='lat' dir='ltr'>et</span> <span class='ocrx_word' id='word_1_132' title='bbox 337 2698 469 2763; x_wconf 88' lang='lat' dir='ltr'>fratrum</span> <span class='ocrx_word' id='word_1_133' title='bbox 491 2697 634 2763; x_wconf 68' lang='lat' dir='ltr'>ecclesiae</span> <span class='ocrx_word' id='word_1_134' title='bbox 658 2699 801 2785; x_wconf 85' lang='lat' dir='ltr'>praefatae</span> <span class='ocrx_word' id='word_1_135' title='bbox 822 2700 984 2765; x_wconf 90' lang='lat' dir='ltr'>absolutus</span> <span class='ocrx_word' id='word_1_136' title='bbox 1006 2711 1064 2779; x_wconf 90' lang='lat' dir='ltr'>est,</span> <span class='ocrx_word' id='word_1_137' title='bbox 1080 2703 1236 2788; x_wconf 88' lang='lat' dir='ltr'>juratoria</span> 
     </span>
     <span class='ocr_line' id='line_1_21' title="bbox 281 2801 1234 2887; baseline 0.008 -24"><span class='ocrx_word' id='word_1_138' title='bbox 281 2802 428 2865; x_wconf 88' lang='lat' dir='ltr'>cautione</span> <span class='ocrx_word' id='word_1_139' title='bbox 450 2801 592 2887; x_wconf 88' lang='lat' dir='ltr'>praestita</span> <span class='ocrx_word' id='word_1_140' title='bbox 606 2823 639 2865; x_wconf 88' lang='lat' dir='ltr'>se</span> <span class='ocrx_word' id='word_1_141' title='bbox 655 2823 786 2865; x_wconf 90' lang='lat' dir='ltr'>manum</span> <span class='ocrx_word' id='word_1_142' title='bbox 804 2801 946 2883; x_wconf 87' lang='lat' dir='ltr'>ulterius,</span> <span class='ocrx_word' id='word_1_143' title='bbox 961 2824 1021 2868; x_wconf 89' lang='lat' dir='ltr'>nec</span> <span class='ocrx_word' id='word_1_144' title='bbox 1041 2806 1082 2869; x_wconf 93' lang='lat' dir='ltr'>ad</span> <span class='ocrx_word' id='word_1_145' title='bbox 1097 2806 1234 2871; x_wconf 90' lang='lat' dir='ltr'>eandem</span> 
     </span>
     <span class='ocr_line' id='line_1_22' title="bbox 282 2902 1235 2995; baseline 0.008 -28"><span class='ocrx_word' id='word_1_146' title='bbox 282 2902 460 2985; x_wconf 88' lang='lat' dir='ltr'>ecclesiam,</span> <span class='ocrx_word' id='word_1_147' title='bbox 486 2926 546 2967; x_wconf 91' lang='lat' dir='ltr'>nec</span> <span class='ocrx_word' id='word_1_148' title='bbox 575 2905 617 2967; x_wconf 92' lang='lat' dir='ltr'>ad</span> <span class='ocrx_word' id='word_1_149' title='bbox 642 2903 786 2968; x_wconf 90' lang='lat' dir='ltr'>homines</span> <span class='ocrx_word' id='word_1_150' title='bbox 811 2904 862 2969; x_wconf 89' lang='lat' dir='ltr'>vel</span> <span class='ocrx_word' id='word_1_151' title='bbox 888 2906 1097 2991; x_wconf 88' lang='lat' dir='ltr'>possessiones</span> <span class='ocrx_word' id='word_1_152' title='bbox 1124 2909 1235 2995; x_wconf 89' lang='lat' dir='ltr'>ipsius,</span> 
     </span>
     <span class='ocr_line' id='line_1_23' title="bbox 283 3005 1234 3094; baseline 0.012 -26"><span class='ocrx_word' id='word_1_153' title='bbox 283 3017 500 3083; x_wconf 85' lang='lat' dir='ltr'>extensurum,</span> <span class='ocrx_word' id='word_1_154' title='bbox 529 3005 590 3069; x_wconf 93' lang='lat' dir='ltr'>nisi</span> <span class='ocrx_word' id='word_1_155' title='bbox 619 3005 741 3092; x_wconf 91' lang='lat' dir='ltr'>aliquid</span> <span class='ocrx_word' id='word_1_156' title='bbox 769 3007 810 3071; x_wconf 90' lang='lat' dir='ltr'>de</span> <span class='ocrx_word' id='word_1_157' title='bbox 842 3008 916 3091; x_wconf 91' lang='lat' dir='ltr'>jure</span> <span class='ocrx_word' id='word_1_158' title='bbox 945 3021 1050 3094; x_wconf 90' lang='lat' dir='ltr'>posset</span> <span class='ocrx_word' id='word_1_159' title='bbox 1077 3011 1234 3079; x_wconf 89' lang='lat' dir='ltr'>evincere.</span> 
     </span>
    </p>
   </div>
   <div class='ocr_carea' id='block_1_3' title="bbox 278 3106 1234 3491">
    <p class='ocr_par' dir='ltr' id='par_1_3' title="bbox 278 3106 1234 3491">
     <span class='ocr_line' id='line_1_24' title="bbox 284 3106 1234 3199; baseline 0.013 -30"><span class='ocrx_word' id='word_1_160' title='bbox 284 3106 379 3179; x_wconf 85' lang='lat' dir='ltr'>Quod</span> <span class='ocrx_word' id='word_1_161' title='bbox 396 3117 432 3170; x_wconf 92' lang='lat' dir='ltr'>ut</span> <span class='ocrx_word' id='word_1_162' title='bbox 446 3107 620 3192; x_wconf 88' lang='lat' dir='ltr'>posteritati</span> <span class='ocrx_word' id='word_1_163' title='bbox 633 3119 743 3172; x_wconf 92' lang='lat' dir='ltr'>uotum</span> <span class='ocrx_word' id='word_1_164' title='bbox 758 3109 861 3188; x_wconf 92' lang='lat' dir='ltr'>fieret,</span> <span class='ocrx_word' id='word_1_165' title='bbox 871 3120 905 3174; x_wconf 91' lang='lat' dir='ltr'>et</span> <span class='ocrx_word' id='word_1_166' title='bbox 915 3110 1058 3176; x_wconf 88' lang='lat' dir='ltr'>ecclesiae</span> <span class='ocrx_word' id='word_1_167' title='bbox 1068 3114 1234 3199; x_wconf 75' lang='lat' dir='ltr'>jamdictae</span> 
     </span>
     <span class='ocr_line' id='line_1_25' title="bbox 282 3207 1233 3301; baseline 0.015 -33"><span class='ocrx_word' id='word_1_168' title='bbox 282 3207 514 3292; x_wconf 89' lang='lat' dir='ltr'>prospiceretur</span> <span class='ocrx_word' id='word_1_169' title='bbox 543 3208 756 3291; x_wconf 87' lang='lat' dir='ltr'>indemnitati,</span> <span class='ocrx_word' id='word_1_170' title='bbox 779 3221 846 3275; x_wconf 90' lang='lat' dir='ltr'>tam</span> <span class='ocrx_word' id='word_1_171' title='bbox 875 3211 983 3297; x_wconf 91' lang='lat' dir='ltr'>scripti</span> <span class='ocrx_word' id='word_1_172' title='bbox 1011 3236 1107 3300; x_wconf 90' lang='lat' dir='ltr'>quam</span> <span class='ocrx_word' id='word_1_173' title='bbox 1138 3216 1233 3301; x_wconf 83' lang='lat' dir='ltr'>sigilli</span> 
     </span>
     <span class='ocr_line' id='line_1_26' title="bbox 282 3308 1233 3405; baseline 0.017 -36"><span class='ocrx_word' id='word_1_174' title='bbox 282 3308 380 3372; x_wconf 89' lang='lat' dir='ltr'>nostri</span> <span class='ocrx_word' id='word_1_175' title='bbox 403 3309 584 3373; x_wconf 90' lang='lat' dir='ltr'>testimonio</span> <span class='ocrx_word' id='word_1_176' title='bbox 606 3310 738 3376; x_wconf 87' lang='lat' dir='ltr'>fecimus</span> <span class='ocrx_word' id='word_1_177' title='bbox 762 3314 961 3379; x_wconf 88' lang='lat' dir='ltr'>communiri.</span> <span class='ocrx_word' id='word_1_178' title='bbox 1008 3318 1126 3383; x_wconf 87' lang='lat' dir='ltr'>Actum</span> <span class='ocrx_word' id='word_1_179' title='bbox 1152 3320 1233 3405; x_wconf 92' lang='lat' dir='ltr'>pub-</span> 
     </span>
     <span class='ocr_line' id='line_1_27' title="bbox 278 3409 696 3491; baseline 0.022 -20"><span class='ocrx_word' id='word_1_180' title='bbox 278 3409 350 3491; x_wconf 88' lang='lat' dir='ltr'>lice,</span> <span class='ocrx_word' id='word_1_181' title='bbox 366 3433 450 3475; x_wconf 89' lang='lat' dir='ltr'>anno</span> <span class='ocrx_word' id='word_1_182' title='bbox 467 3412 589 3477; x_wconf 88' lang='lat' dir='ltr'>Gratiae</span> <span class='ocrx_word' id='word_1_183' title='bbox 608 3422 696 3480; x_wconf 79' lang='lat'>1180.</span> 
     </span>
    </p>
   </div>
   <div class='ocr_carea' id='block_1_4' title="bbox 0 0 1522 5200">
    <p class='ocr_par' dir='ltr' id='par_1_4' title="bbox 0 0 1522 5200">
     <span class='ocr_line' id='line_1_28' title="bbox 0 0 1522 5200; baseline 0 0"><span class='ocrx_word' id='word_1_184' title='bbox 0 0 1522 5200; x_wconf 95' lang='lat' dir='ltr'> </span> 
     </span>
    </p>
   </div>
  </div>
 </body>
</html>
