3034 5200
287 716 396 797 rma]
669 728 849 779 aersroan.
1173 722 1236 779 209

283 897 398 950 caetero
408 885 580 972 periclitari
592 908 653 948 non
670 884 827 969 possit,eo
837 883 925 969 quod
941 883 1115 947 schismatis
1130 885 1236 969 capita

282 985 478 1065 defecerunt,
502 1000 535 1052 et
563 986 745 1072 Anglicanae
769 984 908 1048 ecclesiae
938 983 1070 1047 malleus
1094 1007 1234 1069 compre-

282 1087 399 1152 hensus
413 1089 445 1152 in
461 1088 611 1175 operibus
634 1087 700 1152 suis
714 1086 755 1149 de
770 1099 887 1150 caetero
904 1087 956 1149 cui
978 1085 1133 1149 innitatur
1148 1089 1235 1149 inve·

280 1188 347 1253 nire
363 1213 424 1253 non
441 1191 534 1254 valet.
580 1193 717 1254 Ventum
739 1200 806 1252 erat
827 1187 868 1251 ad
891 1210 1063 1264 summum,
1085 1189 1141 1250 ubi
1162 1211 1235 1251 con·

281 1302 344 1354 stat
355 1290 559 1355 habitudines
571 1289 764 1374 periculosas
775 1312 854 1365 esse,
867 1312 965 1374 quum
978 1288 1031 1352 ille
1047 1288 1103 1373 qui
1120 1288 1234 1352 sollici-

283 1392 381 1455 tando
405 1404 470 1456 tarn
500 1391 621 1455 curiam
650 1413 747 1475 quam
775 1389 999 1465 schismaticos,
1028 1390 1232 1454 Fredericum

282 1491 428 1555 videlicet
455 1505 487 1555 et
512 1489 680 1574 complices
706 1511 789 1563 suos,
813 1489 923 1553 videns
953 1513 986 1554 se
1010 1490 1068 1553 hac
1092 1491 1144 1553 via
1171 1513 1232 1553 non

280 1614 371 1676 posse
386 1593 537 1679 prolicere
553 1591 638 1678 apud
656 1591 844 1683 Dominum,
854 1604 885 1654 et
902 1589 1053 1655 adversus
1068 1591 1231 1656 Christum

281 1694 361 1778 ejus,
385 1695 565 1757 transmissa
589 1691 745 1776 legatione
768 1691 941 1775 transfugit
965 1693 1005 1755 ad
1030 1693 1134 1756 Italiae
1156 1691 1233 1754 civi-

280 1791 864 1881 tates,promittensMediolanensibus
873 1792 1036 1858 triamillia
1045 1816 1234 1872 marcarum,

279 1908 311 1959 et
337 1918 501 1960 murorum
525 1918 654 1959 suorum
678 1894 902 1959 validissimam
928 1895 1171 1981 reparationem,
1194 1907 1232 1958 ut

281 2018 353 2060 cum
370 1997 440 2062 aliis
455 1996 638 2061 civitatibus
654 2019 735 2082 quas
753 2018 956 2081 corrumpere
971 1996 1160 2060 moliebatur
1174 1997 1233 2060 im-

281 2112 440 2184 petrarent
464 2122 482 2161 a
504 2098 632 2162 domino
654 2120 738 2184 papa
760 2110 791 2162 et
815 2097 944 2161 ecclesia
965 2102 1110 2162 Romana
1131 2098 1233 2183 dejec-

282 2201 396 2264 tionem
414 2200 464 2263 vel
480 2199 716 2265 translationem
741 2198 978 2264 Cantuariensis
993 2199 1230 2284 archiepiscopi.

281 2301 363 2364 Nam
389 2301 432 2364 ob
454 2302 585 2364 eandem
608 2323 735 2364 causam
759 2301 1027 2365 Cremonensibus
1045 2302 1111 2366 duo
1133 2301 1232 2365 millia

281 2422 458 2463 marcarum
474 2403 671 2485 promiserat,
689 2401 915 2465 Parmensibus
937 2401 1035 2475 mille,
1050 2414 1083 2464 et
1099 2401 1230 2490 totidem

281 2501 545 2566 Bononiensibus.
600 2501 740 2566 Domino
771 2525 845 2565 vero
873 2524 966 2588 papae
995 2503 1114 2567 obtulit
1144 2504 1230 2588 quod

281 2626 354 2668 eum
371 2603 446 2667 data
461 2605 595 2688 pecunia
614 2606 763 2669 liberaret
786 2605 827 2668 ab
849 2605 1069 2670 exactionibus
1090 2606 1231 2671 omnium

281 2710 509 2783 Romanorum,
533 2719 565 2771 et
595 2707 702 2770 decem
733 2706 832 2770 millia
862 2729 1037 2771 marcarum
1064 2706 1229 2793 adjiceret:

280 2805 454 2871 concedens
468 2806 561 2871 etiam
575 2818 689 2872 uttam
705 2805 737 2869 in
753 2806 882 2870 ecclesia
897 2804 1119 2871 cantuariensi
1133 2830 1232 2892 quam

280 2908 314 2970 in
336 2907 405 2971 aliis
427 2908 613 2973 vacantibus
639 2908 670 2971 in
694 2908 813 2993 Anglia
837 2922 979 2994 pastores
1004 2908 1164 2972 ordinaret
1189 2909 1230 2973 ad

282 3010 420 3074 libitum.
465 3010 527 3074 Sed
543 3010 619 3094 quia
634 3009 728 3073 fidem
745 3010 846 3075 multa
860 3013 1014 3095 promissa
1029 3010 1186 3085 levabant,
1199 3026 1231 3076 et

280 3110 312 3172 in
328 3110 476 3194 precibus
486 3110 653 3173 manifesta
663 3110 885 3174 continebatur
896 3111 1059 3198 iniquitas,
1071 3112 1231 3199 repulsam

281 3231 393 3294 passus
408 3222 466 3285 est,
479 3220 511 3273 et
525 3210 611 3294 quod
628 3233 684 3295 per
696 3234 729 3275 se
739 3212 911 3297 impetrare
926 3235 988 3277 nou
998 3226 1135 3299 poterat,
1148 3215 1231 3299 regis

282 3310 382 3375 Siculi
397 3309 518 3376 viribus
540 3325 672 3376 conatus
693 3325 741 3376 est
763 3325 961 3400 extorquere.
1008 3315 1070 3379 Sed
1093 3338 1149 3379 nec
1164 3316 1229 3391 ille,

280 3409 353 3474 licet
384 3423 452 3475 toto
480 3414 551 3477 nisu
581 3412 622 3477 ad
653 3413 712 3477 hoc
743 3416 961 3498 Syracusanus
990 3415 1167 3503 episcopus,
1197 3432 1229 3482 et

280 3514 395 3577 Comes
417 3515 578 3578 Robertus
600 3516 640 3579 de
663 3516 865 3580 Bassenvilla
890 3517 1109 3603 multiplicatis
1134 3520 1231 3582 inter·

279 3614 452 3679 cessoribns
474 3615 696 3694 laboraverint,
717 3618 889 3682 exauditus
911 3629 959 3681 est
979 3639 1038 3703 pro
1061 3640 1119 3680 sua
1144 3640 1230 3682 reve-

277 3717 379 3781 rentia
405 3731 437 3782 et
463 3719 605 3803 potentia
631 3720 679 3783 vel
709 3720 824 3803 gratia,
851 3718 998 3804 quamvis
1026 3740 1095 3781 eam
1121 3719 1153 3782 in
1179 3743 1229 3785 ec·

279 3819 372 3882 clesia
387 3823 531 3884 Romana
552 3819 720 3904 plurimam
744 3821 870 3885 habeat.
915 3817 1046 3883 Dimissi
1066 3834 1139 3885 sunt
1154 3844 1231 3905 ergo

278 3921 384 3983 nuncii
408 3920 491 4005 regis
516 3924 652 4005 impotes
675 3922 752 3999 voti,
774 3921 836 3987 hoc
864 3920 966 3985 solum
988 3921 1169 4007 impetrato,
1191 3933 1229 3985 ut

280 4018 427 4084 dominus
448 4044 532 4109 papa
552 4022 694 4087 mitteret
715 4021 847 4085 nuncios
869 4024 926 4108 qui
950 4045 1057 4108 pacem
1081 4043 1230 4106 procura-

279 4132 362 4197 rent,
374 4122 581 4188 Gratianum:
605 4124 722 4188 scilioet
735 4123 977 4200 subdiaconum,
989 4136 1021 4188 et
1034 4122 1228 4207 Magistrum

283 4221 451 4288 Viv'ianum
478 4227 702 4291 urbisveteris
727 4226 996 4303 archidiaconum,
1020 4227 1075 4313 qui
1099 4248 1231 4289 munere

278 4324 494 4392 advocationis
518 4328 609 4414 fungi
637 4329 716 4395 solet
739 4330 773 4393 in
797 4329 893 4395 curia.
939 4330 1006 4395 Eos
1029 4343 1133 4395 tamen
1161 4340 1231 4393 ante

324 4447 395 4492 VOL.
413 4447 450 4491 11.
748 4452 768 4495 Ρ
