<?xml version="1.0" encoding="UTF-8"?>
<!DOCTYPE html PUBLIC "-//W3C//DTD XHTML 1.0 Transitional//EN"
    "http://www.w3.org/TR/xhtml1/DTD/xhtml1-transitional.dtd">
<html xmlns="http://www.w3.org/1999/xhtml" xml:lang="en" lang="en">
 <head>
  <title>
</title>
<meta http-equiv="Content-Type" content="text/html;charset=utf-8" />
  <meta name='ocr-system' content='tesseract 3.04.00' />
  <meta name='ocr-capabilities' content='ocr_page ocr_carea ocr_par ocr_line ocrx_word'/>
</head>
<body>
  <div class='ocr_page' id='page_1' title='image "./joannissaresber11johngoog_0096.png"; bbox 0 0 3034 5200; ppageno 0'>
   <div class='ocr_carea' id='block_1_1' title="bbox 269 720 1216 800">
    <p class='ocr_par' dir='ltr' id='par_1_1' title="bbox 269 720 1216 800">
     <span class='ocr_line' id='line_1_1' title="bbox 269 720 1216 800; baseline 0.002 -18"><span class='ocrx_word' id='word_1_1' title='bbox 269 720 376 800; x_wconf 86' lang='lat'>1167.]</span> <span class='ocrx_word' id='word_1_2' title='bbox 648 737 825 784; x_wconf 75' lang='lat' dir='ltr'><strong>arrsroca.</strong></span> <span class='ocrx_word' id='word_1_3' title='bbox 1173 725 1216 786; x_wconf 83' lang='lat'><strong>79</strong></span> 
     </span>
    </p>
   </div>
   <div class='ocr_carea' id='block_1_2' title="bbox 261 888 1217 2695">
    <p class='ocr_par' dir='ltr' id='par_1_2' title="bbox 261 888 1217 2695">
     <span class='ocr_line' id='line_1_2' title="bbox 262 888 1215 976; baseline 0.004 -23"><span class='ocrx_word' id='word_1_4' title='bbox 262 888 476 954; x_wconf 81' lang='lat' dir='ltr'><strong>adversarium</strong></span> <span class='ocrx_word' id='word_1_5' title='bbox 490 910 560 954; x_wconf 84' lang='lat' dir='ltr'><strong>esse</strong></span> <span class='ocrx_word' id='word_1_6' title='bbox 575 890 769 954; x_wconf 81' lang='lat' dir='ltr'><strong>convincant</strong></span> <span class='ocrx_word' id='word_1_7' title='bbox 783 910 880 974; x_wconf 89' lang='lat' dir='ltr'><strong>opera</strong></span> <span class='ocrx_word' id='word_1_8' title='bbox 893 891 972 976; x_wconf 85' lang='lat' dir='ltr'><strong>ejus.</strong></span> <span class='ocrx_word' id='word_1_9' title='bbox 1005 892 1124 956; x_wconf 84' lang='lat' dir='ltr'>Pacem</span> <span class='ocrx_word' id='word_1_10' title='bbox 1140 913 1215 958; x_wconf 81' lang='lat' dir='ltr'><strong>vero</strong></span> 
     </span>
     <span class='ocr_line' id='line_1_3' title="bbox 264 989 1216 1077; baseline 0.004 -24"><span class='ocrx_word' id='word_1_11' title='bbox 264 989 305 1054; x_wconf 89' lang='lat' dir='ltr'><strong>ad</strong></span> <span class='ocrx_word' id='word_1_12' title='bbox 327 991 479 1056; x_wconf 84' lang='lat' dir='ltr'><strong>honorem</strong></span> <span class='ocrx_word' id='word_1_13' title='bbox 494 993 656 1056; x_wconf 82' lang='lat' dir='ltr'><strong>Ecclesiae</strong></span> <span class='ocrx_word' id='word_1_14' title='bbox 671 992 736 1056; x_wconf 91' lang='lat' dir='ltr'><strong>Dei</strong></span> <span class='ocrx_word' id='word_1_15' title='bbox 759 1001 792 1054; x_wconf 87' lang='lat' dir='ltr'><strong>et</strong></span> <span class='ocrx_word' id='word_1_16' title='bbox 813 1013 904 1056; x_wconf 85' lang='lat' dir='ltr'><strong>suum</strong></span> <span class='ocrx_word' id='word_1_17' title='bbox 925 993 1062 1057; x_wconf 79' lang='lat' dir='ltr'><strong>libenter</strong></span> <span class='ocrx_word' id='word_1_18' title='bbox 1081 994 1216 1077; x_wconf 80' lang='lat' dir='ltr'><strong>recipiet</strong></span> 
     </span>
     <span class='ocr_line' id='line_1_4' title="bbox 262 1091 1216 1177; baseline 0.001 -20"><span class='ocrx_word' id='word_1_19' title='bbox 262 1112 321 1177; x_wconf 89' lang='lat' dir='ltr'><strong>per</strong></span> <span class='ocrx_word' id='word_1_20' title='bbox 345 1115 459 1158; x_wconf 90' lang='lat' dir='ltr'><strong>manus</strong></span> <span class='ocrx_word' id='word_1_21' title='bbox 480 1096 676 1176; x_wconf 79' lang='lat' dir='ltr'><strong>legatorum:</strong></span> <span class='ocrx_word' id='word_1_22' title='bbox 710 1091 767 1154; x_wconf 85' lang='lat' dir='ltr'><strong>sed</strong></span> <span class='ocrx_word' id='word_1_23' title='bbox 791 1113 833 1155; x_wconf 89' lang='lat' dir='ltr'><strong>an</strong></span> <span class='ocrx_word' id='word_1_24' title='bbox 856 1093 898 1156; x_wconf 89' lang='lat' dir='ltr'><strong>ud</strong></span> <span class='ocrx_word' id='word_1_25' title='bbox 922 1092 1083 1177; x_wconf 89' lang='lat' dir='ltr'><strong>colloquia</strong></span> <span class='ocrx_word' id='word_1_26' title='bbox 1105 1113 1216 1158; x_wconf 90' lang='lat' dir='ltr'><strong>eorum</strong></span> 
     </span>
     <span class='ocr_line' id='line_1_5' title="bbox 262 1194 1216 1271; baseline 0.001 -13"><span class='ocrx_word' id='word_1_27' title='bbox 262 1215 450 1260; x_wconf 80' lang='lat' dir='ltr'><strong>accessurus</strong></span> <span class='ocrx_word' id='word_1_28' title='bbox 465 1196 516 1271; x_wconf 86' lang='lat' dir='ltr'><strong>sit,</strong></span> <span class='ocrx_word' id='word_1_29' title='bbox 528 1195 588 1259; x_wconf 80' lang='lat' dir='ltr'><strong>uisi</strong></span> <span class='ocrx_word' id='word_1_30' title='bbox 601 1195 807 1258; x_wconf 83' lang='lat' dir='ltr'><strong>restituantur</strong></span> <span class='ocrx_word' id='word_1_31' title='bbox 821 1195 937 1271; x_wconf 87' lang='lat' dir='ltr'><strong>ablata,</strong></span> <span class='ocrx_word' id='word_1_32' title='bbox 950 1194 1079 1259; x_wconf 80' lang='lat' dir='ltr'><strong>undose</strong></span> <span class='ocrx_word' id='word_1_33' title='bbox 1094 1205 1127 1259; x_wconf 90' lang='lat' dir='ltr'><strong>et</strong></span> <span class='ocrx_word' id='word_1_34' title='bbox 1141 1214 1216 1259; x_wconf 86' lang='lat' dir='ltr'><strong>suos</strong></span> 
     </span>
     <span class='ocr_line' id='line_1_6' title="bbox 263 1294 1214 1378; baseline 0.005 -24"><span class='ocrx_word' id='word_1_35' title='bbox 263 1298 366 1360; x_wconf 85' lang='lat' dir='ltr'><strong>valeat</strong></span> <span class='ocrx_word' id='word_1_36' title='bbox 380 1298 544 1371; x_wconf 83' lang='lat' dir='ltr'><strong>exhibere,</strong></span> <span class='ocrx_word' id='word_1_37' title='bbox 567 1294 710 1359; x_wconf 89' lang='lat' dir='ltr'><strong>nondum</strong></span> <span class='ocrx_word' id='word_1_38' title='bbox 732 1295 837 1357; x_wconf 88' lang='lat' dir='ltr'><strong>babeo</strong></span> <span class='ocrx_word' id='word_1_39' title='bbox 859 1295 1070 1378; x_wconf 88' lang='lat' dir='ltr'><strong>exploratum.</strong></span> <span class='ocrx_word' id='word_1_40' title='bbox 1118 1295 1214 1360; x_wconf 81' lang='lat' dir='ltr'><strong>Certo</strong></span> 
     </span>
     <span class='ocr_line' id='line_1_7' title="bbox 264 1395 1215 1480; baseline 0 -20"><span class='ocrx_word' id='word_1_41' title='bbox 264 1406 369 1460; x_wconf 89' lang='lat' dir='ltr'><strong>autem</strong></span> <span class='ocrx_word' id='word_1_42' title='bbox 396 1398 513 1461; x_wconf 87' lang='lat' dir='ltr'><strong>certius</strong></span> <span class='ocrx_word' id='word_1_43' title='bbox 543 1406 601 1474; x_wconf 84' lang='lat' dir='ltr'><strong>est,</strong></span> <span class='ocrx_word' id='word_1_44' title='bbox 627 1395 714 1480; x_wconf 92' lang='lat' dir='ltr'><strong>quod</strong></span> <span class='ocrx_word' id='word_1_45' title='bbox 743 1395 807 1457; x_wconf 89' lang='lat' dir='ltr'><strong>nisi</strong></span> <span class='ocrx_word' id='word_1_46' title='bbox 832 1404 1043 1479; x_wconf 88' lang='lat' dir='ltr'><strong>componatur</strong></span> <span class='ocrx_word' id='word_1_47' title='bbox 1067 1417 1124 1480; x_wconf 91' lang='lat' dir='ltr'><strong>per</strong></span> <span class='ocrx_word' id='word_1_48' title='bbox 1148 1416 1215 1474; x_wconf 89' lang='lat' dir='ltr'><strong>eos,</strong></span> 
     </span>
     <span class='ocr_line' id='line_1_8' title="bbox 261 1494 1216 1582; baseline 0.003 -22"><span class='ocrx_word' id='word_1_49' title='bbox 261 1501 385 1562; x_wconf 89' lang='lat' dir='ltr'><strong>nullam</strong></span> <span class='ocrx_word' id='word_1_50' title='bbox 399 1501 479 1564; x_wconf 89' lang='lat' dir='ltr'><strong>citra</strong></span> <span class='ocrx_word' id='word_1_51' title='bbox 492 1499 719 1562; x_wconf 79' lang='lat' dir='ltr'><strong>restitutionem</strong></span> <span class='ocrx_word' id='word_1_52' title='bbox 734 1494 930 1578; x_wconf 82' lang='lat' dir='ltr'><strong>ingredietur</strong></span> <span class='ocrx_word' id='word_1_53' title='bbox 945 1518 1092 1562; x_wconf 86' lang='lat' dir='ltr'><strong>causam:</strong></span> <span class='ocrx_word' id='word_1_54' title='bbox 1117 1520 1216 1582; x_wconf 90' lang='lat' dir='ltr'><strong>quum</strong></span> 
     </span>
     <span class='ocr_line' id='line_1_9' title="bbox 263 1598 1217 1682; baseline 0.005 -22"><span class='ocrx_word' id='word_1_55' title='bbox 263 1598 353 1663; x_wconf 88' lang='lat' dir='ltr'><strong>illata</strong></span> <span class='ocrx_word' id='word_1_56' title='bbox 368 1600 430 1662; x_wconf 87' lang='lat' dir='ltr'><strong>sibi</strong></span> <span class='ocrx_word' id='word_1_57' title='bbox 446 1598 561 1682; x_wconf 87' lang='lat' dir='ltr'><strong>injuria</strong></span> <span class='ocrx_word' id='word_1_58' title='bbox 572 1609 604 1661; x_wconf 91' lang='lat' dir='ltr'><strong>et</strong></span> <span class='ocrx_word' id='word_1_59' title='bbox 614 1598 888 1681; x_wconf 78' lang='lat' dir='ltr'><strong>violentia‘lippis</strong></span> <span class='ocrx_word' id='word_1_60' title='bbox 898 1608 931 1660; x_wconf 91' lang='lat' dir='ltr'><strong>et</strong></span> <span class='ocrx_word' id='word_1_61' title='bbox 937 1600 1128 1664; x_wconf 82' lang='lat' dir='ltr'><strong>tonsoribus’</strong></span> <span class='ocrx_word' id='word_1_62' title='bbox 1139 1609 1217 1665; x_wconf 85' lang='lat' dir='ltr'><strong>nota</strong></span> 
     </span>
     <span class='ocr_line' id='line_1_10' title="bbox 266 1698 1215 1783; baseline 0.003 -22"><span class='ocrx_word' id='word_1_63' title='bbox 266 1700 318 1763; x_wconf 83' lang='lat' dir='ltr'><strong>sit.</strong></span> <span class='ocrx_word' id='word_1_64' title='bbox 365 1699 430 1764; x_wconf 89' lang='lat' dir='ltr'><strong>Sed</strong></span> <span class='ocrx_word' id='word_1_65' title='bbox 445 1721 504 1764; x_wconf 92' lang='lat' dir='ltr'><strong>neo</strong></span> <span class='ocrx_word' id='word_1_66' title='bbox 520 1699 658 1783; x_wconf 84' lang='lat' dir='ltr'><strong>aliquem</strong></span> <span class='ocrx_word' id='word_1_67' title='bbox 674 1719 802 1762; x_wconf 89' lang='lat' dir='ltr'><strong>suorum</strong></span> <span class='ocrx_word' id='word_1_68' title='bbox 817 1699 932 1773; x_wconf 83' lang='lat' dir='ltr'><strong>mittet,</strong></span> <span class='ocrx_word' id='word_1_69' title='bbox 949 1698 1053 1764; x_wconf 90' lang='lat' dir='ltr'><strong>donec</strong></span> <span class='ocrx_word' id='word_1_70' title='bbox 1068 1701 1215 1765; x_wconf 86' lang='lat' dir='ltr'><strong>interme-</strong></span> 
     </span>
     <span class='ocr_line' id='line_1_11' title="bbox 264 1799 1215 1883; baseline 0.002 -19"><span class='ocrx_word' id='word_1_71' title='bbox 264 1801 393 1866; x_wconf 81' lang='lat' dir='ltr'><strong>antibus</strong></span> <span class='ocrx_word' id='word_1_72' title='bbox 412 1801 509 1865; x_wconf 88' lang='lat' dir='ltr'><strong>eundi</strong></span> <span class='ocrx_word' id='word_1_73' title='bbox 528 1811 561 1865; x_wconf 87' lang='lat' dir='ltr'><strong>et</strong></span> <span class='ocrx_word' id='word_1_74' title='bbox 580 1799 734 1864; x_wconf 90' lang='lat' dir='ltr'><strong>redeundi</strong></span> <span class='ocrx_word' id='word_1_75' title='bbox 756 1800 911 1864; x_wconf 76' lang='lat' dir='ltr'><strong>securitas</strong></span> <span class='ocrx_word' id='word_1_76' title='bbox 932 1811 1125 1883; x_wconf 84' lang='lat' dir='ltr'><strong>procuretur.</strong></span> <span class='ocrx_word' id='word_1_77' title='bbox 1169 1800 1215 1866; x_wconf 87' lang='lat' dir='ltr'><strong>Et</strong></span> 
     </span>
     <span class='ocr_line' id='line_1_12' title="bbox 264 1899 1214 1985; baseline 0.001 -20"><span class='ocrx_word' id='word_1_78' title='bbox 264 1902 413 1985; x_wconf 91' lang='lat' dir='ltr'><strong>quoniam</strong></span> <span class='ocrx_word' id='word_1_79' title='bbox 425 1901 619 1967; x_wconf 89' lang='lat' dir='ltr'><strong>conditionis</strong></span> <span class='ocrx_word' id='word_1_80' title='bbox 627 1910 744 1964; x_wconf 85' lang='lat' dir='ltr'><strong>nostrae</strong></span> <span class='ocrx_word' id='word_1_81' title='bbox 756 1900 900 1964; x_wconf 89' lang='lat' dir='ltr'><strong>calculus</strong></span> <span class='ocrx_word' id='word_1_82' title='bbox 909 1902 941 1963; x_wconf 93' lang='lat' dir='ltr'><strong>in</strong></span> <span class='ocrx_word' id='word_1_83' title='bbox 953 1899 1091 1966; x_wconf 84' lang='lat' dir='ltr'><strong>adventu</strong></span> <span class='ocrx_word' id='word_1_84' title='bbox 1104 1923 1214 1966; x_wconf 91' lang='lat' dir='ltr'><strong>eorum</strong></span> 
     </span>
     <span class='ocr_line' id='line_1_13' title="bbox 263 2003 1216 2088; baseline 0.003 -23"><span class='ocrx_word' id='word_1_85' title='bbox 263 2003 387 2067; x_wconf 81' lang='lat' dir='ltr'><strong>videtur</strong></span> <span class='ocrx_word' id='word_1_86' title='bbox 407 2004 640 2088; x_wconf 88' lang='lat' dir='ltr'><strong>aliquantulum</strong></span> <span class='ocrx_word' id='word_1_87' title='bbox 658 2003 856 2079; x_wconf 87' lang='lat' dir='ltr'><strong>immutatus,</strong></span> <span class='ocrx_word' id='word_1_88' title='bbox 870 2023 983 2086; x_wconf 84' lang='lat' dir='ltr'><strong>precor</strong></span> <span class='ocrx_word' id='word_1_89' title='bbox 1002 2005 1163 2078; x_wconf 88' lang='lat' dir='ltr'><strong>attentius,</strong></span> <span class='ocrx_word' id='word_1_90' title='bbox 1178 2012 1216 2068; x_wconf 89' lang='lat' dir='ltr'><strong>ut</strong></span> 
     </span>
     <span class='ocr_line' id='line_1_14' title="bbox 262 2103 1216 2188; baseline 0.004 -22"><span class='ocrx_word' id='word_1_91' title='bbox 262 2104 339 2167; x_wconf 90' lang='lat' dir='ltr'><strong>mihi</strong></span> <span class='ocrx_word' id='word_1_92' title='bbox 361 2126 419 2188; x_wconf 92' lang='lat' dir='ltr'><strong>per</strong></span> <span class='ocrx_word' id='word_1_93' title='bbox 431 2107 564 2170; x_wconf 90' lang='lat' dir='ltr'><strong>latorem</strong></span> <span class='ocrx_word' id='word_1_94' title='bbox 586 2104 792 2187; x_wconf 85' lang='lat' dir='ltr'><strong>praesentium</strong></span> <span class='ocrx_word' id='word_1_95' title='bbox 811 2103 1004 2181; x_wconf 84' lang='lat' dir='ltr'><strong>rescribatis,</strong></span> <span class='ocrx_word' id='word_1_96' title='bbox 1026 2106 1161 2188; x_wconf 87' lang='lat' dir='ltr'><strong>qualiter</strong></span> <span class='ocrx_word' id='word_1_97' title='bbox 1174 2105 1216 2170; x_wconf 86' lang='lat' dir='ltr'><strong>ad</strong></span> 
     </span>
     <span class='ocr_line' id='line_1_15' title="bbox 262 2203 1216 2289; baseline 0.002 -20"><span class='ocrx_word' id='word_1_98' title='bbox 262 2205 504 2270; x_wconf 88' lang='lat' dir='ltr'><strong>indemnitatem</strong></span> <span class='ocrx_word' id='word_1_99' title='bbox 528 2203 734 2270; x_wconf 79' lang='lat' dir='ltr'><strong>conscientiae</strong></span> <span class='ocrx_word' id='word_1_100' title='bbox 754 2216 788 2269; x_wconf 91' lang='lat' dir='ltr'><strong>et</strong></span> <span class='ocrx_word' id='word_1_101' title='bbox 800 2204 894 2268; x_wconf 81' lang='lat' dir='ltr'><strong>famae</strong></span> <span class='ocrx_word' id='word_1_102' title='bbox 917 2225 968 2267; x_wconf 89' lang='lat' dir='ltr'><strong>me</strong></span> <span class='ocrx_word' id='word_1_103' title='bbox 984 2206 1099 2269; x_wconf 85' lang='lat' dir='ltr'><strong>versari</strong></span> <span class='ocrx_word' id='word_1_104' title='bbox 1121 2227 1216 2289; x_wconf 86' lang='lat' dir='ltr'><strong>opor·</strong></span> 
     </span>
     <span class='ocr_line' id='line_1_16' title="bbox 262 2305 1215 2390; baseline 0.002 -20"><span class='ocrx_word' id='word_1_105' title='bbox 262 2315 336 2370; x_wconf 88' lang='lat' dir='ltr'><strong>teat.</strong></span> <span class='ocrx_word' id='word_1_106' title='bbox 371 2306 455 2371; x_wconf 88' lang='lat' dir='ltr'><strong>Nam</strong></span> <span class='ocrx_word' id='word_1_107' title='bbox 472 2307 554 2371; x_wconf 90' lang='lat' dir='ltr'><strong>side</strong></span> <span class='ocrx_word' id='word_1_108' title='bbox 573 2306 763 2390; x_wconf 82' lang='lat' dir='ltr'><strong>juramentis</strong></span> <span class='ocrx_word' id='word_1_109' title='bbox 779 2307 883 2387; x_wconf 78' lang='lat' dir='ltr'><strong>agitur</strong></span> <span class='ocrx_word' id='word_1_110' title='bbox 904 2327 976 2389; x_wconf 79' lang='lat' dir='ltr'><strong>quae</strong></span> <span class='ocrx_word' id='word_1_111' title='bbox 992 2305 1141 2371; x_wconf 90' lang='lat' dir='ltr'><strong>dominus</strong></span> <span class='ocrx_word' id='word_1_112' title='bbox 1155 2328 1215 2372; x_wconf 90' lang='lat' dir='ltr'><strong>rex</strong></span> 
     </span>
     <span class='ocr_line' id='line_1_17' title="bbox 262 2408 1215 2490; baseline 0.002 -19"><span class='ocrx_word' id='word_1_113' title='bbox 262 2430 282 2471; x_wconf 92' lang='lat' dir='ltr'><strong>a</strong></span> <span class='ocrx_word' id='word_1_114' title='bbox 296 2409 391 2472; x_wconf 91' lang='lat' dir='ltr'><strong>nobis</strong></span> <span class='ocrx_word' id='word_1_115' title='bbox 402 2408 531 2488; x_wconf 82' lang='lat' dir='ltr'><strong>exigere</strong></span> <span class='ocrx_word' id='word_1_116' title='bbox 546 2409 722 2481; x_wconf 90' lang='lat' dir='ltr'><strong>cousuevit,</strong></span> <span class='ocrx_word' id='word_1_117' title='bbox 735 2409 829 2490; x_wconf 83' lang='lat' dir='ltr'><strong>Rogo</strong></span> <span class='ocrx_word' id='word_1_118' title='bbox 841 2408 946 2471; x_wconf 92' lang='lat' dir='ltr'><strong>Deum</strong></span> <span class='ocrx_word' id='word_1_119' title='bbox 962 2430 1077 2488; x_wconf 90' lang='lat' dir='ltr'><strong>meum,</strong></span> <span class='ocrx_word' id='word_1_120' title='bbox 1091 2420 1128 2473; x_wconf 90' lang='lat' dir='ltr'><strong>ut</strong></span> <span class='ocrx_word' id='word_1_121' title='bbox 1142 2419 1215 2473; x_wconf 83' lang='lat' dir='ltr'><strong>ante</strong></span> 
     </span>
     <span class='ocr_line' id='line_1_18' title="bbox 262 2507 1215 2593; baseline 0.004 -23"><span class='ocrx_word' id='word_1_122' title='bbox 262 2508 342 2571; x_wconf 91' lang='lat' dir='ltr'><strong>mihi</strong></span> <span class='ocrx_word' id='word_1_123' title='bbox 357 2517 490 2570; x_wconf 90' lang='lat' dir='ltr'><strong>mortem</strong></span> <span class='ocrx_word' id='word_1_124' title='bbox 501 2507 747 2572; x_wconf 88' lang='lat' dir='ltr'><strong>misericorditer</strong></span> <span class='ocrx_word' id='word_1_125' title='bbox 760 2509 923 2589; x_wconf 85' lang='lat' dir='ltr'><strong>largiatur,</strong></span> <span class='ocrx_word' id='word_1_126' title='bbox 939 2531 1034 2593; x_wconf 91' lang='lat' dir='ltr'><strong>quam</strong></span> <span class='ocrx_word' id='word_1_127' title='bbox 1049 2511 1215 2575; x_wconf 84' lang='lat' dir='ltr'><strong>conscien-</strong></span> 
     </span>
     <span class='ocr_line' id='line_1_19' title="bbox 263 2609 1031 2695; baseline 0.001 -21"><span class='ocrx_word' id='word_1_128' title='bbox 263 2611 338 2674; x_wconf 88' lang='lat' dir='ltr'><strong>tiam</strong></span> <span class='ocrx_word' id='word_1_129' title='bbox 355 2620 388 2674; x_wconf 90' lang='lat' dir='ltr'><strong>et</strong></span> <span class='ocrx_word' id='word_1_130' title='bbox 401 2610 517 2675; x_wconf 79' lang='lat' dir='ltr'><strong>sarnam</strong></span> <span class='ocrx_word' id='word_1_131' title='bbox 527 2609 715 2695; x_wconf 89' lang='lat' dir='ltr'><strong>juramentis</strong></span> <span class='ocrx_word' id='word_1_132' title='bbox 729 2611 848 2673; x_wconf 88' lang='lat' dir='ltr'><strong>talibus</strong></span> <span class='ocrx_word' id='word_1_133' title='bbox 863 2612 1031 2676; x_wconf 85' lang='lat' dir='ltr'><strong>maculare.</strong></span> 
     </span>
    </p>
   </div>
   <div class='ocr_carea' id='block_1_3' title="bbox 261 2965 1214 3147">
    <p class='ocr_par' dir='ltr' id='par_1_3' title="bbox 261 2965 1214 3147">
     <span class='ocr_line' id='line_1_20' title="bbox 261 2965 1214 3031; baseline 0.003 -4"><span class='ocrx_word' id='word_1_134' title='bbox 261 2966 483 3030; x_wconf 83' lang='lat' dir='ltr'>EPISTOLA</span> <span class='ocrx_word' id='word_1_135' title='bbox 496 2965 777 3030; x_wconf 81' lang='lat' dir='ltr'><strong>OCXXIIL-ao</strong></span> <span class='ocrx_word' id='word_1_136' title='bbox 786 2984 986 3031; x_wconf 82' lang='lat' dir='ltr'><strong>msursraurr</strong></span> <span class='ocrx_word' id='word_1_137' title='bbox 997 2983 1214 3031; x_wconf 79' lang='lat' dir='ltr'><strong>aaruuuomr.</strong></span> 
     </span>
     <span class='ocr_line' id='line_1_21' title="bbox 626 3067 844 3147; baseline 0.005 -19"><span class='ocrx_word' id='word_1_138' title='bbox 626 3068 715 3143; x_wconf 70' lang='lat' dir='ltr'><strong>[mo.</strong></span> <span class='ocrx_word' id='word_1_139' title='bbox 735 3067 844 3147; x_wconf 87' lang='lat'><strong>1167.]</strong></span> 
     </span>
    </p>
   </div>
   <div class='ocr_carea' id='block_1_4' title="bbox 552 3198 928 3281">
    <p class='ocr_par' dir='ltr' id='par_1_4' title="bbox 552 3198 928 3281">
     <span class='ocr_line' id='line_1_22' title="bbox 552 3198 928 3281; baseline 0.003 -19"><span class='ocrx_word' id='word_1_140' title='bbox 552 3198 715 3281; x_wconf 79' lang='lat' dir='ltr'><strong>Mapistro</strong></span> <span class='ocrx_word' id='word_1_141' title='bbox 730 3199 928 3265; x_wconf 69' lang='lat' dir='ltr'><strong>autmundo.</strong></span> 
     </span>
    </p>
   </div>
   <div class='ocr_carea' id='block_1_5' title="bbox 170 3308 1216 4401">
    <p class='ocr_par' dir='ltr' id='par_1_5' title="bbox 170 3308 1216 4401">
     <span class='ocr_line' id='line_1_23' title="bbox 307 3308 1214 3395; baseline 0.004 -21"><span class='ocrx_word' id='word_1_142' title='bbox 307 3312 399 3384; x_wconf 75' lang='lat' dir='ltr'><strong>Quin</strong></span> <span class='ocrx_word' id='word_1_143' title='bbox 419 3332 470 3374; x_wconf 89' lang='lat' dir='ltr'><strong>me</strong></span> <span class='ocrx_word' id='word_1_144' title='bbox 489 3308 612 3373; x_wconf 85' lang='lat' dir='ltr'><strong>tamdiu</strong></span> <span class='ocrx_word' id='word_1_145' title='bbox 632 3310 725 3373; x_wconf 84' lang='lat' dir='ltr'><strong>silere</strong></span> <span class='ocrx_word' id='word_1_146' title='bbox 742 3310 893 3391; x_wconf 83' lang='lat' dir='ltr'><strong>coegerit,</strong></span> <span class='ocrx_word' id='word_1_147' title='bbox 909 3310 943 3374; x_wconf 90' lang='lat' dir='ltr'><strong>iu</strong></span> <span class='ocrx_word' id='word_1_148' title='bbox 959 3331 1024 3395; x_wconf 92' lang='lat' dir='ltr'><strong>quo</strong></span> <span class='ocrx_word' id='word_1_149' title='bbox 1045 3323 1131 3377; x_wconf 84' lang='lat' dir='ltr'><strong>statu</strong></span> <span class='ocrx_word' id='word_1_150' title='bbox 1145 3336 1214 3380; x_wconf 84' lang='lat' dir='ltr'><strong>rer·</strong></span> 
     </span>
     <span class='ocr_line' id='line_1_24' title="bbox 262 3411 1216 3483; baseline 0.004 -6"><span class='ocrx_word' id='word_1_151' title='bbox 262 3424 350 3477; x_wconf 88' lang='lat' dir='ltr'><strong>satus</strong></span> <span class='ocrx_word' id='word_1_152' title='bbox 366 3434 448 3483; x_wconf 80' lang='lat' dir='ltr'><strong>snm,</strong></span> <span class='ocrx_word' id='word_1_153' title='bbox 460 3412 552 3475; x_wconf 88' lang='lat' dir='ltr'><strong>robis</strong></span> <span class='ocrx_word' id='word_1_154' title='bbox 567 3431 609 3474; x_wconf 88' lang='lat' dir='ltr'><strong>ex</strong></span> <span class='ocrx_word' id='word_1_155' title='bbox 623 3412 739 3474; x_wconf 86' lang='lat' dir='ltr'><strong>litteris</strong></span> <span class='ocrx_word' id='word_1_156' title='bbox 754 3411 887 3475; x_wconf 90' lang='lat' dir='ltr'><strong>domino</strong></span> <span class='ocrx_word' id='word_1_157' title='bbox 901 3412 1095 3480; x_wconf 83' lang='lat' dir='ltr'><strong>Pictariensi</strong></span> <span class='ocrx_word' id='word_1_158' title='bbox 1110 3417 1216 3481; x_wconf 86' lang='lat' dir='ltr'><strong>missis</strong></span> 
     </span>
     <span class='ocr_line' id='line_1_25' title="bbox 261 3512 1215 3598; baseline 0.004 -21"><span class='ocrx_word' id='word_1_159' title='bbox 261 3516 355 3580; x_wconf 83' lang='lat' dir='ltr'><strong>facile</strong></span> <span class='ocrx_word' id='word_1_160' title='bbox 377 3515 566 3578; x_wconf 84' lang='lat' dir='ltr'><strong>innotescet.</strong></span> <span class='ocrx_word' id='word_1_161' title='bbox 611 3512 709 3577; x_wconf 89' lang='lat' dir='ltr'><strong>Unde</strong></span> <span class='ocrx_word' id='word_1_162' title='bbox 725 3512 767 3577; x_wconf 87' lang='lat' dir='ltr'><strong>ad</strong></span> <span class='ocrx_word' id='word_1_163' title='bbox 781 3513 904 3598; x_wconf 87' lang='lat' dir='ltr'><strong>reliqua</strong></span> <span class='ocrx_word' id='word_1_164' title='bbox 918 3517 1120 3580; x_wconf 86' lang='lat' dir='ltr'><strong>necessitatis</strong></span> <span class='ocrx_word' id='word_1_165' title='bbox 1134 3538 1215 3582; x_wconf 76' lang='lat' dir='ltr'><strong>mere</strong></span> 
     </span>
     <span class='ocr_line' id='line_1_26' title="bbox 259 3616 1215 3701; baseline 0.003 -22"><span class='ocrx_word' id='word_1_166' title='bbox 259 3617 468 3701; x_wconf 81' lang='lat' dir='ltr'><strong>progrediens</strong></span> <span class='ocrx_word' id='word_1_167' title='bbox 478 3616 631 3680; x_wconf 90' lang='lat' dir='ltr'><strong>attentius</strong></span> <span class='ocrx_word' id='word_1_168' title='bbox 641 3635 767 3698; x_wconf 84' lang='lat' dir='ltr'><strong>precor,</strong></span> <span class='ocrx_word' id='word_1_169' title='bbox 780 3616 931 3699; x_wconf 89' lang='lat' dir='ltr'><strong>quatinus</strong></span> <span class='ocrx_word' id='word_1_170' title='bbox 946 3616 1132 3681; x_wconf 90' lang='lat' dir='ltr'><strong>conditione</strong></span> <span class='ocrx_word' id='word_1_171' title='bbox 1144 3639 1215 3683; x_wconf 85' lang='lat' dir='ltr'><strong>mea</strong></span> 
     </span>
     <span class='ocr_line' id='line_1_27' title="bbox 259 3715 1213 3803; baseline 0.005 -25"><span class='ocrx_word' id='word_1_172' title='bbox 259 3715 425 3799; x_wconf 80' lang='lat' dir='ltr'><strong>diligenter</strong></span> <span class='ocrx_word' id='word_1_173' title='bbox 439 3716 597 3800; x_wconf 88' lang='lat' dir='ltr'><strong>inspecta,</strong></span> <span class='ocrx_word' id='word_1_174' title='bbox 613 3736 657 3779; x_wconf 82' lang='lat' dir='ltr'><strong>ex</strong></span> <span class='ocrx_word' id='word_1_175' title='bbox 671 3718 821 3780; x_wconf 90' lang='lat' dir='ltr'><strong>omnibus</strong></span> <span class='ocrx_word' id='word_1_176' title='bbox 844 3717 1091 3780; x_wconf 85' lang='lat' dir='ltr'><strong>circumstantiis</strong></span> <span class='ocrx_word' id='word_1_177' title='bbox 1104 3740 1213 3803; x_wconf 88' lang='lat' dir='ltr'><strong>perso·</strong></span> 
     </span>
     <span class='ocr_line' id='line_1_28' title="bbox 170 3804 1213 3905; baseline 0.003 -24"><span class='ocrx_word' id='word_1_178' title='bbox 170 3804 178 3821; x_wconf 72' lang='lat'><em>⁰</em></span> <span class='ocrx_word' id='word_1_179' title='bbox 259 3837 371 3881; x_wconf 84' lang='lat' dir='ltr'><strong>numm</strong></span> <span class='ocrx_word' id='word_1_180' title='bbox 386 3828 418 3881; x_wconf 89' lang='lat' dir='ltr'><strong>et</strong></span> <span class='ocrx_word' id='word_1_181' title='bbox 432 3838 538 3881; x_wconf 85' lang='lat' dir='ltr'><strong>eausae</strong></span> <span class='ocrx_word' id='word_1_182' title='bbox 560 3828 592 3882; x_wconf 91' lang='lat' dir='ltr'><strong>et</strong></span> <span class='ocrx_word' id='word_1_183' title='bbox 611 3817 778 3901; x_wconf 84' lang='lat' dir='ltr'><strong>temporis,</strong></span> <span class='ocrx_word' id='word_1_184' title='bbox 792 3816 970 3880; x_wconf 85' lang='lat' dir='ltr'><strong>rescribere</strong></span> <span class='ocrx_word' id='word_1_185' title='bbox 990 3820 1116 3901; x_wconf 87' lang='lat' dir='ltr'><strong>placeat</strong></span> <span class='ocrx_word' id='word_1_186' title='bbox 1134 3820 1213 3905; x_wconf 88' lang='lat' dir='ltr'><strong>quid</strong></span> 
     </span>
     <span class='ocr_line' id='line_1_29' title="bbox 258 3917 1213 4002; baseline 0 -20"><span class='ocrx_word' id='word_1_187' title='bbox 258 3919 459 4002; x_wconf 83' lang='lat' dir='ltr'><strong>potissimum</strong></span> <span class='ocrx_word' id='word_1_188' title='bbox 489 3917 644 3993; x_wconf 85' lang='lat' dir='ltr'><strong>videatur,</strong></span> <span class='ocrx_word' id='word_1_189' title='bbox 673 3918 737 3981; x_wconf 92' lang='lat' dir='ltr'><strong>hoc</strong></span> <span class='ocrx_word' id='word_1_190' title='bbox 767 3918 801 3980; x_wconf 90' lang='lat' dir='ltr'><strong>in</strong></span> <span class='ocrx_word' id='word_1_191' title='bbox 830 3919 1060 4001; x_wconf 71' lang='lat' dir='ltr'><strong>praelectione</strong></span> <span class='ocrx_word' id='word_1_192' title='bbox 1086 3920 1213 3985; x_wconf 91' lang='lat' dir='ltr'><strong>consilii</strong></span> 
     </span>
     <span class='ocr_line' id='line_1_30' title="bbox 260 4019 1211 4103; baseline 0 -23"><span class='ocrx_word' id='word_1_193' title='bbox 260 4020 436 4098; x_wconf 84' lang='lat' dir='ltr'><strong>observato,</strong></span> <span class='ocrx_word' id='word_1_194' title='bbox 462 4029 498 4082; x_wconf 90' lang='lat' dir='ltr'><strong>ut</strong></span> <span class='ocrx_word' id='word_1_195' title='bbox 524 4040 650 4103; x_wconf 86' lang='lat' dir='ltr'><strong>semper</strong></span> <span class='ocrx_word' id='word_1_196' title='bbox 674 4019 827 4083; x_wconf 87' lang='lat' dir='ltr'><strong>honestas</strong></span> <span class='ocrx_word' id='word_1_197' title='bbox 856 4021 987 4084; x_wconf 88' lang='lat' dir='ltr'><strong>utilitati</strong></span> <span class='ocrx_word' id='word_1_198' title='bbox 1012 4019 1211 4103; x_wconf 76' lang='lat' dir='ltr'><strong>praejudicat.</strong></span> 
     </span>
     <span class='ocr_line' id='line_1_31' title="bbox 258 4119 1211 4204; baseline -0.002 -24"><span class='ocrx_word' id='word_1_199' title='bbox 258 4119 315 4196; x_wconf 84' lang='lat' dir='ltr'><strong>Et,</strong></span> <span class='ocrx_word' id='word_1_200' title='bbox 336 4120 364 4183; x_wconf 92' lang='lat' dir='ltr'><strong>si</strong></span> <span class='ocrx_word' id='word_1_201' title='bbox 386 4120 517 4183; x_wconf 92' lang='lat' dir='ltr'><strong>domino</strong></span> <span class='ocrx_word' id='word_1_202' title='bbox 540 4121 707 4204; x_wconf 87' lang='lat' dir='ltr'><strong>episcopo,</strong></span> <span class='ocrx_word' id='word_1_203' title='bbox 721 4130 753 4183; x_wconf 90' lang='lat' dir='ltr'><strong>et</strong></span> <span class='ocrx_word' id='word_1_204' title='bbox 769 4121 872 4199; x_wconf 74' lang='lat' dir='ltr'><strong>tobia,</strong></span> <span class='ocrx_word' id='word_1_205' title='bbox 895 4131 928 4185; x_wconf 89' lang='lat' dir='ltr'><strong>et</strong></span> <span class='ocrx_word' id='word_1_206' title='bbox 949 4121 1105 4201; x_wconf 77' lang='lat' dir='ltr'><strong>Magistro</strong></span> <span class='ocrx_word' id='word_1_207' title='bbox 1127 4119 1211 4179; x_wconf 84' lang='lat' dir='ltr'><strong>Lou-</strong></span> 
     </span>
     <span class='ocr_line' id='line_1_32' title="bbox 260 4212 1215 4283; baseline 0.003 -8"><span class='ocrx_word' id='word_1_208' title='bbox 260 4216 364 4278; x_wconf 88' lang='lat' dir='ltr'><strong>rentio</strong></span> <span class='ocrx_word' id='word_1_209' title='bbox 379 4217 481 4280; x_wconf 87' lang='lat' dir='ltr'><strong>visum</strong></span> <span class='ocrx_word' id='word_1_210' title='bbox 503 4218 597 4281; x_wconf 83' lang='lat' dir='ltr'><strong>suerit</strong></span> <span class='ocrx_word' id='word_1_211' title='bbox 619 4228 654 4281; x_wconf 89' lang='lat' dir='ltr'><strong>ut</strong></span> <span class='ocrx_word' id='word_1_212' title='bbox 676 4218 754 4281; x_wconf 90' lang='lat' dir='ltr'><strong>mihi</strong></span> <span class='ocrx_word' id='word_1_213' title='bbox 777 4230 810 4281; x_wconf 90' lang='lat' dir='ltr'><strong>et</strong></span> <span class='ocrx_word' id='word_1_214' title='bbox 831 4218 980 4283; x_wconf 75' lang='lat' dir='ltr'><strong>exulibus</strong></span> <span class='ocrx_word' id='word_1_215' title='bbox 1000 4217 1071 4281; x_wconf 85' lang='lat' dir='ltr'><strong>aliis</strong></span> <span class='ocrx_word' id='word_1_216' title='bbox 1094 4212 1215 4278; x_wconf 83' lang='lat' dir='ltr'><strong>Christi</strong></span> 
     </span>
     <span class='ocr_line' id='line_1_33' title="bbox 262 4311 1216 4401; baseline -0.001 -23"><span class='ocrx_word' id='word_1_217' title='bbox 262 4331 449 4397; x_wconf 88' lang='lat' dir='ltr'><strong>procuretur</strong></span> <span class='ocrx_word' id='word_1_218' title='bbox 463 4321 600 4385; x_wconf 83' lang='lat' dir='ltr'><strong>facultas</strong></span> <span class='ocrx_word' id='word_1_219' title='bbox 610 4339 723 4383; x_wconf 86' lang='lat' dir='ltr'><strong>secura</strong></span> <span class='ocrx_word' id='word_1_220' title='bbox 735 4319 862 4401; x_wconf 79' lang='lat' dir='ltr'><strong>legatos</strong></span> <span class='ocrx_word' id='word_1_221' title='bbox 872 4318 1024 4393; x_wconf 89' lang='lat' dir='ltr'><strong>adeundi,</strong></span> <span class='ocrx_word' id='word_1_222' title='bbox 1035 4334 1106 4381; x_wconf 88' lang='lat' dir='ltr'><strong>eam</strong></span> <span class='ocrx_word' id='word_1_223' title='bbox 1120 4311 1216 4377; x_wconf 84' lang='lat' dir='ltr'><strong>nobis</strong></span> 
     </span>
    </p>
   </div>
   <div class='ocr_carea' id='block_1_6' title="bbox 0 0 1522 5200">
    <p class='ocr_par' dir='ltr' id='par_1_6' title="bbox 0 0 1522 5200">
     <span class='ocr_line' id='line_1_34' title="bbox 0 0 1522 5200; baseline 0 1"><span class='ocrx_word' id='word_1_224' title='bbox 0 0 1522 5200; x_wconf 95' lang='lat' dir='ltr'><strong> </strong></span> 
     </span>
    </p>
   </div>
  </div>
 </body>
</html>
