3034 5200
300 739 361 797 114
563 752 700 797 mamus
716 751 996 801 saansanarnasrs
1158 739 1204 819 [a.
1222 757 1257 800 n,

318 1017 540 1081 EPISTOLA
562 1019 868 1085 CCXXXIX.-so
882 1037 1066 1083 sommas
1081 1038 1228 1084 rrcmvr-
1299 1117 1302 1121 ⁴

490 1139 604 1184 nosnos
620 1139 819 1185 nmsoornas.
846 1120 892 1200 [s.
904 1141 936 1185 o.
956 1120 1065 1200 llos]

297 1278 424 1344 Joaana‘
437 1280 641 1343 Pictaoieoaa'
656 1280 821 1364 Episcopo
835 1279 978 1344 Ioannes
994 1279 1256 1344 Saresberieoaas.

342 1416 528 1485 Posronan
551 1414 673 1500 priores
696 1414 805 1478 literas
834 1435 1048 1494 exaraveram,
1074 1435 1156 1478 nova
1184 1413 1255 1478 haec

299 1517 396 1584 nobis
424 1518 637 1582 innotuerunt.
690 1519 789 1581 Hunc
814 1516 961 1581 lecerunt
989 1518 1126 1581 fructum
1156 1517 1256 1581 literae

300 1621 424 1685 domini
445 1640 539 1704 papae
554 1620 747 1684 transmissae
763 1619 830 1700 regi
844 1621 983 1702 Angliae,
999 1620 1087 1704 quod
1101 1597 1258 1701 Magistdr

301 1719 474 1796 Gerardus,
485 1739 630 1782 reversus
642 1719 789 1796 Colonia,
802 1717 933 1782 domino
948 1742 1008 1784 suo
1024 1721 1259 1799 Cantnariensi,

300 1821 354 1904 qui
374 1839 449 1883 eum
474 1819 626 1882 clericum
651 1819 740 1897 fecit,
762 1830 793 1882 et
817 1821 957 1903 primum
983 1822 1180 1885 beneficium
1205 1843 1258 1886 ec·

209 1995 212 2000 7
300 1918 514 1985 elesiasticum
531 1918 562 1980 ei
578 1919 724 1996 contulit,
735 1940 796 1982 nec
814 1919 880 1982 viso
894 1940 954 1984 nec
969 1922 1118 1998 salutato,
1132 1923 1258 1986 transiit

301 2022 344 2086 ad
363 2041 469 2103 regem
489 2020 624 2101 Angliae‚
640 2019 735 2103 eique
754 2018 941 2084 fidelitatem
956 2021 1045 2101 fecit,
1058 2033 1092 2085 et
1111 2024 1259 2105 praestitit

296 2122 515 2207 juramentum
536 2118 622 2203 qnod
643 2118 709 2198 alii,
731 2128 765 2183 et
786 2119 929 2183 adhaeret
950 2121 1058 2200 curiae,
1074 2123 1207 2202 alectus
1222 2135 1259 2188 ut

302 2223 401 2298 aiunt,
427 2221 469 2299 in.
492 2221 635 2304 pugilem
664 2232 776 2285 contra
803 2241 976 2305 pauperes,
1000 2233 1033 2286 et
1060 2227 1259 2309 proscriptos

301 2321 432 2389 Christi.
477 2324 586 2386 Abbas
606 2322 717 2386 Sancti
734 2322 904 2406 Augustini
926 2323 1010 2388 dixit
1024 2324 1154 2391 domino
1171 2329 1259 2391 Gau·

300 2423 402 2503 fredo,
432 2424 490 2507 qui
523 2424 583 2488 fuit
617 2425 717 2488 abbas
746 2425 969 2504 Clare-vallis,
1001 2428 1088 2512 quod
1122 2429 1192 2513 ipsa
1227 2439 1260 2493 et

303 2525 383 2591 socii
407 2526 455 2589 sni
478 2526 560 2590 nihil
584 2526 747 2608 dixerunt,
770 2538 825 2592 aut
847 2528 989 2594 fecerunt
1013 2531 1049 2594 in
1075 2533 1174 2612 curia,
1196 2532 1258 2594 nisi

304 2629 345 2695 de
359 2631 568 2697 instructione
589 2632 811 2712 cardinalium,
824 2642 858 2697 et
872 2633 968 2697 edam
985 2636 1261 2711 comminationes,

304 2756 384 2819 quas
405 2734 507 2799 lactas
530 2732 658 2813 audisti,
681 2733 826 2797 fecerunt
847 2731 918 2796 fieri
937 2736 1081 2798 Joannes
1104 2736 1259 2818 Neapoli·

303 2846 398 2899 tanus
412 2844 445 2899 et
458 2835 600 2899 Joannes
615 2834 806 2898 Sanctorum
824 2833 959 2897 Joannis
975 2844 1009 2897 et
1023 2833 1125 2897 Pauli.
1163 2835 1260 2898 Dixit

304 2936 409 3011 etiam,
426 2935 515 3020 quod
538 2935 686 3000 dominus
708 2934 894 3000 Portnensis
910 2934 995 3018 juvit
1017 2936 1155 3000 nuncios
1175 2937 1259 3018 regis

303 3036 339 3098 in
359 3036 459 3099 literis
479 3037 698 3119 impetrandis.
743 3040 820 3123 Ipse
839 3059 968 3123 quoqne
990 3060 1049 3103 rex
1071 3038 1157 3103 dixit
1177 3040 1259 3123 epis-

308 3156 390 3218 copo
411 3136 628 3216 Wigomensi,
645 3138 730 3222 quod
753 3140 833 3223 ipse,
848 3150 881 3204 at
902 3140 958 3204 alii
981 3141 1126 3225 episcopi
1149 3162 1260 3205 omnes

306 3237 447 3317 exempti
484 3246 559 3299 sunt
595 3257 615 3299 a
652 3248 810 3320 potestate
851 3240 974 3304 domini
1009 3243 1260 3306 cantuariensis.

305 3336 526 3420 Praecepitque
550 3357 616 3398 non
642 3337 753 3400 timere
783 3339 887 3401 minas
912 3342 1046 3424 aliquas,
1072 3343 1147 3425 quia
1171 3365 1257 3406 nnnc

306 3436 471 3502 domiuum
504 3456 631 3520 papam,
660 3446 693 3500 et
727 3457 837 3500 omnes
875 3440 1053 3502 cardinales
1090 3442 1187 3505 habet
1222 3444 1257 3507 in

306 3544 404 3604 bursa
427 3560 493 3602 sua.
545 3536 697 3622 Adeoque
726 3538 889 3621 gloriatur,
913 3550 948 3603 ut
976 3541 1081 3624 palam
1111 3541 1198 3607 dicat
1226 3566 1260 3608 se

308 3665 393 3706 nunc
410 3640 536 3706 demum
554 3641 605 3705 avi
616 3641 667 3705 sui
684 3652 918 3725 consequutum
929 3643 1140 3727 privilegium,
1154 3646 1210 3732 qui
1225 3647 1259 3711 in

308 3758 391 3809 terra
418 3767 476 3809 sua
505 3753 571 3808 erat
594 3767 663 3823 rex,
686 3747 810 3827 legatus
839 3746 1045 3830 apostolicus,
1071 3750 1262 3831 patriarcha,

307 3849 486 3933 imperator,
503 3860 534 3908 et
553 3848 661 3911 omnia
682 3871 754 3932 quae
771 3849 906 3913 volebat.
950 3850 996 3913 Et
1018 3850 1095 3927 fere,
1111 3850 1198 3934 quod
1219 3852 1261 3914 ad

307 3948 477 4016 ecclesiam
492 3948 683 4024 Romanam,
698 3950 865 4030 probabile
881 3950 1031 4032 estquod
1052 3949 1148 4013 dicit:
1173 3951 1260 4022 Quid

307 4052 393 4115 enim
405 4048 435 4113 ei
446 4046 584 4130 amplius
600 4048 788 4110 contulisset
803 4048 1008 4124 Octavianus,
1017 4049 1066 4110 vel
1078 4048 1259 4114 Cremensis

307 4142 541 4215 heresiarcha?
572 4143 661 4220 Quid
677 4146 764 4210 aliud
781 4147 932 4212 iecissent
947 4147 1125 4212 cardinales
1141 4170 1259 4230 eorum,

307 4273 402 4331 quam
427 4250 551 4335 praesati
581 4251 628 4313 illi
660 4250 795 4326 domini,
827 4250 883 4335 qui
912 4262 1110 4315 exacuerunt
1134 4253 1260 4336 linguas

307 4353 494 4431 Anglorum‚
515 4364 547 4417 et
568 4354 675 4436 ignem
699 4362 734 4417 et
752 4375 911 4418 venenum
934 4352 1077 4418 fecerunt
1100 4376 1257 4433 evomere,
