<?xml version="1.0" encoding="UTF-8"?>
<!DOCTYPE html PUBLIC "-//W3C//DTD XHTML 1.0 Transitional//EN"
    "http://www.w3.org/TR/xhtml1/DTD/xhtml1-transitional.dtd">
<html xmlns="http://www.w3.org/1999/xhtml" xml:lang="en" lang="en">
 <head>
  <title>
</title>
<meta http-equiv="Content-Type" content="text/html;charset=utf-8" />
  <meta name='ocr-system' content='tesseract 3.04.00' />
  <meta name='ocr-capabilities' content='ocr_page ocr_carea ocr_par ocr_line ocrx_word'/>
</head>
<body>
  <div class='ocr_page' id='page_1' title='image "./joannissaresber11johngoog_0308.png"; bbox 0 0 3034 5200; ppageno 0'>
   <div class='ocr_carea' id='block_1_1' title="bbox 291 754 1240 838">
    <p class='ocr_par' dir='ltr' id='par_1_1' title="bbox 291 754 1240 838">
     <span class='ocr_line' id='line_1_1' title="bbox 291 754 1240 838; baseline 0.001 -19"><span class='ocrx_word' id='word_1_1' title='bbox 291 754 462 838; x_wconf 71' lang='lat' dir='ltr'><strong>nra-a]</strong></span> <span class='ocrx_word' id='word_1_2' title='bbox 688 777 866 820; x_wconf 79' lang='lat' dir='ltr'><strong>sersronn.</strong></span> <span class='ocrx_word' id='word_1_3' title='bbox 1177 764 1240 820; x_wconf 71' lang='lat'><strong>989</strong></span> 
     </span>
    </p>
   </div>
   <div class='ocr_carea' id='block_1_2' title="bbox 283 924 1235 2330">
    <p class='ocr_par' dir='ltr' id='par_1_2' title="bbox 283 924 1235 2330">
     <span class='ocr_line' id='line_1_2' title="bbox 286 924 1233 1012; baseline -0.002 -22"><span class='ocrx_word' id='word_1_4' title='bbox 286 949 370 992; x_wconf 90' lang='lat' dir='ltr'><strong>nunc</strong></span> <span class='ocrx_word' id='word_1_5' title='bbox 392 924 577 1012; x_wconf 85' lang='lat' dir='ltr'><strong>requiritur,</strong></span> <span class='ocrx_word' id='word_1_6' title='bbox 600 925 654 989; x_wconf 92' lang='lat' dir='ltr'><strong>sed</strong></span> <span class='ocrx_word' id='word_1_7' title='bbox 677 926 771 990; x_wconf 87' lang='lat' dir='ltr'><strong>etiam</strong></span> <span class='ocrx_word' id='word_1_8' title='bbox 795 925 940 1000; x_wconf 88' lang='lat' dir='ltr'><strong>aliorum,</strong></span> <span class='ocrx_word' id='word_1_9' title='bbox 965 925 1019 1010; x_wconf 93' lang='lat' dir='ltr'><strong>qui</strong></span> <span class='ocrx_word' id='word_1_10' title='bbox 1042 930 1082 990; x_wconf 93' lang='lat' dir='ltr'><strong>ob</strong></span> <span class='ocrx_word' id='word_1_11' title='bbox 1103 925 1233 989; x_wconf 89' lang='lat' dir='ltr'><strong>eandem</strong></span> 
     </span>
     <span class='ocr_line' id='line_1_3' title="bbox 283 1027 1233 1114; baseline 0 -23"><span class='ocrx_word' id='word_1_12' title='bbox 283 1051 423 1093; x_wconf 84' lang='lat' dir='ltr'><strong>caussam</strong></span> <span class='ocrx_word' id='word_1_13' title='bbox 441 1028 567 1107; x_wconf 91' lang='lat' dir='ltr'><strong>damna,</strong></span> <span class='ocrx_word' id='word_1_14' title='bbox 578 1028 727 1105; x_wconf 86' lang='lat' dir='ltr'><strong>ludibria,</strong></span> <span class='ocrx_word' id='word_1_15' title='bbox 743 1041 775 1092; x_wconf 91' lang='lat' dir='ltr'><strong>et</strong></span> <span class='ocrx_word' id='word_1_16' title='bbox 788 1028 915 1091; x_wconf 89' lang='lat' dir='ltr'><strong>verbera</strong></span> <span class='ocrx_word' id='word_1_17' title='bbox 930 1027 1053 1111; x_wconf 87' lang='lat' dir='ltr'><strong>experti</strong></span> <span class='ocrx_word' id='word_1_18' title='bbox 1063 1031 1233 1114; x_wconf 82' lang='lat' dir='ltr'>proscripti</span> 
     </span>
     <span class='ocr_line' id='line_1_4' title="bbox 285 1128 1235 1210; baseline -0.002 -17"><span class='ocrx_word' id='word_1_19' title='bbox 285 1143 370 1210; x_wconf 91' lang='lat' dir='ltr'><strong>sunt,</strong></span> <span class='ocrx_word' id='word_1_20' title='bbox 381 1130 565 1195; x_wconf 89' lang='lat' dir='ltr'><strong>incarcerati</strong></span> <span class='ocrx_word' id='word_1_21' title='bbox 581 1142 667 1206; x_wconf 89' lang='lat' dir='ltr'><strong>sunt,</strong></span> <span class='ocrx_word' id='word_1_22' title='bbox 679 1129 712 1192; x_wconf 90' lang='lat' dir='ltr'><strong>in</strong></span> <span class='ocrx_word' id='word_1_23' title='bbox 727 1128 856 1193; x_wconf 88' lang='lat' dir='ltr'><strong>exilium</strong></span> <span class='ocrx_word' id='word_1_24' title='bbox 870 1129 1053 1209; x_wconf 89' lang='lat' dir='ltr'><strong>missisunt,</strong></span> <span class='ocrx_word' id='word_1_25' title='bbox 1067 1142 1099 1192; x_wconf 87' lang='lat' dir='ltr'><strong>et</strong></span> <span class='ocrx_word' id='word_1_26' title='bbox 1114 1129 1180 1191; x_wconf 87' lang='lat' dir='ltr'><strong>fere</strong></span> <span class='ocrx_word' id='word_1_27' title='bbox 1195 1128 1235 1191; x_wconf 90' lang='lat' dir='ltr'><strong>de</strong></span> 
     </span>
     <span class='ocr_line' id='line_1_5' title="bbox 284 1230 1235 1317; baseline -0.003 -21"><span class='ocrx_word' id='word_1_28' title='bbox 284 1244 353 1297; x_wconf 92' lang='lat' dir='ltr'><strong>toto</strong></span> <span class='ocrx_word' id='word_1_29' title='bbox 363 1234 439 1297; x_wconf 91' lang='lat' dir='ltr'><strong>orbe</strong></span> <span class='ocrx_word' id='word_1_30' title='bbox 453 1236 580 1312; x_wconf 89' lang='lat' dir='ltr'><strong>Latino,</strong></span> <span class='ocrx_word' id='word_1_31' title='bbox 592 1233 676 1296; x_wconf 91' lang='lat' dir='ltr'><strong>unde</strong></span> <span class='ocrx_word' id='word_1_32' title='bbox 689 1231 905 1317; x_wconf 86' lang='lat' dir='ltr'><strong>migraverunt</strong></span> <span class='ocrx_word' id='word_1_33' title='bbox 915 1230 956 1295; x_wconf 93' lang='lat' dir='ltr'><strong>ad</strong></span> <span class='ocrx_word' id='word_1_34' title='bbox 969 1232 1154 1308; x_wconf 91' lang='lat' dir='ltr'><strong>Dominum,</strong></span> <span class='ocrx_word' id='word_1_35' title='bbox 1164 1253 1235 1315; x_wconf 90' lang='lat' dir='ltr'><strong>pas-</strong></span> 
     </span>
     <span class='ocr_line' id='line_1_6' title="bbox 286 1333 1232 1418; baseline -0.001 -21"><span class='ocrx_word' id='word_1_36' title='bbox 286 1333 411 1398; x_wconf 88' lang='lat' dir='ltr'><strong>sionum</strong></span> <span class='ocrx_word' id='word_1_37' title='bbox 422 1357 549 1399; x_wconf 89' lang='lat' dir='ltr'><strong>suarum</strong></span> <span class='ocrx_word' id='word_1_38' title='bbox 561 1334 749 1414; x_wconf 88' lang='lat' dir='ltr'><strong>debitam,et</strong></span> <span class='ocrx_word' id='word_1_39' title='bbox 763 1357 836 1418; x_wconf 74' lang='lat' dir='ltr'><strong>quae</strong></span> <span class='ocrx_word' id='word_1_40' title='bbox 846 1338 953 1398; x_wconf 90' lang='lat' dir='ltr'><strong>Deum</strong></span> <span class='ocrx_word' id='word_1_41' title='bbox 965 1333 1121 1412; x_wconf 86' lang='lat' dir='ltr'><strong>deceat,et</strong></span> <span class='ocrx_word' id='word_1_42' title='bbox 1135 1333 1232 1416; x_wconf 80' lang='lat' dir='ltr'><strong>prosit</strong></span> 
     </span>
     <span class='ocr_line' id='line_1_7' title="bbox 284 1433 1233 1521; baseline -0.004 -23"><span class='ocrx_word' id='word_1_43' title='bbox 284 1436 763 1520; x_wconf 85' lang='lat' dir='ltr'><strong>eccleslae‚expetuntultionem.</strong></span> <span class='ocrx_word' id='word_1_44' title='bbox 776 1433 1233 1521; x_wconf 87' lang='lat' dir='ltr'><strong>Inhisitaquelaetanturjusti‚</strong></span> 
     </span>
     <span class='ocr_line' id='line_1_8' title="bbox 284 1534 1233 1622; baseline -0.004 -23"><span class='ocrx_word' id='word_1_45' title='bbox 284 1537 340 1622; x_wconf 91' lang='lat' dir='ltr'><strong>qui</strong></span> <span class='ocrx_word' id='word_1_46' title='bbox 348 1537 457 1602; x_wconf 88' lang='lat' dir='ltr'><strong>vident</strong></span> <span class='ocrx_word' id='word_1_47' title='bbox 465 1536 633 1601; x_wconf 88' lang='lat' dir='ltr'><strong>vindictam</strong></span> <span class='ocrx_word' id='word_1_48' title='bbox 642 1537 777 1622; x_wconf 83' lang='lat' dir='ltr'><strong>justitiae</strong></span> <span class='ocrx_word' id='word_1_49' title='bbox 787 1559 953 1600; x_wconf 89' lang='lat' dir='ltr'><strong>consonam</strong></span> <span class='ocrx_word' id='word_1_50' title='bbox 966 1540 1025 1601; x_wconf 90' lang='lat' dir='ltr'><strong>Dei</strong></span> <span class='ocrx_word' id='word_1_51' title='bbox 1032 1536 1142 1620; x_wconf 83' lang='lat' dir='ltr'><strong>gloriae</strong></span> <span class='ocrx_word' id='word_1_52' title='bbox 1152 1534 1233 1597; x_wconf 90' lang='lat' dir='ltr'><strong>mili-</strong></span> 
     </span>
     <span class='ocr_line' id='line_1_9' title="bbox 286 1636 1233 1722; baseline -0.004 -22"><span class='ocrx_word' id='word_1_53' title='bbox 286 1650 363 1713; x_wconf 89' lang='lat' dir='ltr'><strong>tare,</strong></span> <span class='ocrx_word' id='word_1_54' title='bbox 379 1636 520 1701; x_wconf 82' lang='lat' dir='ltr'><strong>lavantes</strong></span> <span class='ocrx_word' id='word_1_55' title='bbox 539 1637 651 1722; x_wconf 89' lang='lat' dir='ltr'><strong>utique</strong></span> <span class='ocrx_word' id='word_1_56' title='bbox 674 1660 787 1700; x_wconf 91' lang='lat' dir='ltr'><strong>manus</strong></span> <span class='ocrx_word' id='word_1_57' title='bbox 808 1661 881 1700; x_wconf 88' lang='lat' dir='ltr'><strong>suas</strong></span> <span class='ocrx_word' id='word_1_58' title='bbox 901 1641 932 1701; x_wconf 92' lang='lat' dir='ltr'><strong>in</strong></span> <span class='ocrx_word' id='word_1_59' title='bbox 954 1640 1105 1721; x_wconf 85' lang='lat' dir='ltr'><strong>sanguine</strong></span> <span class='ocrx_word' id='word_1_60' title='bbox 1126 1657 1233 1720; x_wconf 86' lang='lat' dir='ltr'><strong>pecca-</strong></span> 
     </span>
     <span class='ocr_line' id='line_1_10' title="bbox 287 1737 1233 1824; baseline -0.003 -23"><span class='ocrx_word' id='word_1_61' title='bbox 287 1751 403 1802; x_wconf 90' lang='lat' dir='ltr'><strong>torum.</strong></span> <span class='ocrx_word' id='word_1_62' title='bbox 434 1743 516 1803; x_wconf 88' lang='lat' dir='ltr'><strong>Haec</strong></span> <span class='ocrx_word' id='word_1_63' title='bbox 531 1737 709 1804; x_wconf 82' lang='lat' dir='ltr'><strong>summatim</strong></span> <span class='ocrx_word' id='word_1_64' title='bbox 723 1739 763 1800; x_wconf 92' lang='lat' dir='ltr'><strong>de</strong></span> <span class='ocrx_word' id='word_1_65' title='bbox 775 1739 834 1816; x_wconf 90' lang='lat' dir='ltr'><strong>his,</strong></span> <span class='ocrx_word' id='word_1_66' title='bbox 847 1762 920 1824; x_wconf 86' lang='lat' dir='ltr'><strong>quae</strong></span> <span class='ocrx_word' id='word_1_67' title='bbox 933 1739 1136 1823; x_wconf 87' lang='lat' dir='ltr'><strong>publicantur</strong></span> <span class='ocrx_word' id='word_1_68' title='bbox 1147 1737 1233 1821; x_wconf 87' lang='lat' dir='ltr'><strong>apud</strong></span> 
     </span>
     <span class='ocr_line' id='line_1_11' title="bbox 285 1839 1233 1926; baseline -0.002 -24"><span class='ocrx_word' id='word_1_69' title='bbox 285 1862 352 1915; x_wconf 88' lang='lat' dir='ltr'><strong>nos,</strong></span> <span class='ocrx_word' id='word_1_70' title='bbox 369 1841 424 1904; x_wconf 93' lang='lat' dir='ltr'><strong>ubi</strong></span> <span class='ocrx_word' id='word_1_71' title='bbox 442 1841 528 1905; x_wconf 90' lang='lat' dir='ltr'><strong>solus</strong></span> <span class='ocrx_word' id='word_1_72' title='bbox 542 1840 595 1904; x_wconf 91' lang='lat' dir='ltr'><strong>ille</strong></span> <span class='ocrx_word' id='word_1_73' title='bbox 615 1854 704 1906; x_wconf 89' lang='lat' dir='ltr'><strong>tutus</strong></span> <span class='ocrx_word' id='word_1_74' title='bbox 719 1853 777 1917; x_wconf 87' lang='lat' dir='ltr'><strong>est,</strong></span> <span class='ocrx_word' id='word_1_75' title='bbox 793 1864 889 1926; x_wconf 90' lang='lat' dir='ltr'><strong>quem</strong></span> <span class='ocrx_word' id='word_1_76' title='bbox 904 1841 994 1904; x_wconf 89' lang='lat' dir='ltr'><strong>furor</strong></span> <span class='ocrx_word' id='word_1_77' title='bbox 1007 1839 1159 1924; x_wconf 83' lang='lat' dir='ltr'><strong>exagitat,</strong></span> <span class='ocrx_word' id='word_1_78' title='bbox 1176 1852 1233 1900; x_wconf 91' lang='lat' dir='ltr'><strong>aut</strong></span> 
     </span>
     <span class='ocr_line' id='line_1_12' title="bbox 285 1937 1231 2029; baseline -0.005 -26"><span class='ocrx_word' id='word_1_79' title='bbox 285 1962 380 2024; x_wconf 90' lang='lat' dir='ltr'><strong>quem</strong></span> <span class='ocrx_word' id='word_1_80' title='bbox 410 1941 549 2027; x_wconf 87' lang='lat' dir='ltr'><strong>Spiritus</strong></span> <span class='ocrx_word' id='word_1_81' title='bbox 576 1955 701 2006; x_wconf 90' lang='lat' dir='ltr'><strong>sanctus</strong></span> <span class='ocrx_word' id='word_1_82' title='bbox 726 1940 820 2004; x_wconf 87' lang='lat' dir='ltr'><strong>efficit</strong></span> <span class='ocrx_word' id='word_1_83' title='bbox 845 1941 983 2004; x_wconf 91' lang='lat' dir='ltr'><strong>omnium</strong></span> <span class='ocrx_word' id='word_1_84' title='bbox 1010 1937 1231 2029; x_wconf 86' lang='lat' dir='ltr'><strong>temporalium</strong></span> 
     </span>
     <span class='ocr_line' id='line_1_13' title="bbox 284 2040 1232 2128; baseline -0.002 -25"><span class='ocrx_word' id='word_1_85' title='bbox 284 2054 542 2128; x_wconf 89' lang='lat' dir='ltr'><strong>contemptorem.</strong></span> <span class='ocrx_word' id='word_1_86' title='bbox 589 2042 681 2106; x_wconf 86' lang='lat' dir='ltr'><strong>Foris</strong></span> <span class='ocrx_word' id='word_1_87' title='bbox 701 2046 784 2107; x_wconf 90' lang='lat' dir='ltr'><strong>enim</strong></span> <span class='ocrx_word' id='word_1_88' title='bbox 804 2042 909 2105; x_wconf 82' lang='lat' dir='ltr'><strong>adstat</strong></span> <span class='ocrx_word' id='word_1_89' title='bbox 925 2042 1059 2125; x_wconf 87' lang='lat' dir='ltr'><strong>gladius,</strong></span> <span class='ocrx_word' id='word_1_90' title='bbox 1077 2041 1171 2104; x_wconf 91' lang='lat' dir='ltr'><strong>timor</strong></span> <span class='ocrx_word' id='word_1_91' title='bbox 1185 2040 1232 2102; x_wconf 90' lang='lat' dir='ltr'><strong>in-</strong></span> 
     </span>
     <span class='ocr_line' id='line_1_14' title="bbox 285 2140 1230 2209; baseline -0.002 -3"><span class='ocrx_word' id='word_1_92' title='bbox 285 2155 354 2207; x_wconf 89' lang='lat' dir='ltr'><strong>tus:</strong></span> <span class='ocrx_word' id='word_1_93' title='bbox 386 2144 463 2208; x_wconf 91' lang='lat' dir='ltr'><strong>civis</strong></span> <span class='ocrx_word' id='word_1_94' title='bbox 484 2159 516 2209; x_wconf 89' lang='lat' dir='ltr'><strong>et</strong></span> <span class='ocrx_word' id='word_1_95' title='bbox 540 2145 640 2209; x_wconf 86' lang='lat' dir='ltr'><strong>hostis</strong></span> <span class='ocrx_word' id='word_1_96' title='bbox 655 2144 687 2207; x_wconf 92' lang='lat' dir='ltr'><strong>in</strong></span> <span class='ocrx_word' id='word_1_97' title='bbox 703 2143 812 2207; x_wconf 88' lang='lat' dir='ltr'><strong>eodem</strong></span> <span class='ocrx_word' id='word_1_98' title='bbox 835 2145 899 2208; x_wconf 82' lang='lat' dir='ltr'><strong>lere</strong></span> <span class='ocrx_word' id='word_1_99' title='bbox 915 2156 1081 2208; x_wconf 85' lang='lat' dir='ltr'><strong>versantur</strong></span> <span class='ocrx_word' id='word_1_100' title='bbox 1100 2140 1230 2205; x_wconf 90' lang='lat' dir='ltr'><strong>calculo.</strong></span> 
     </span>
     <span class='ocr_line' id='line_1_15' title="bbox 284 2243 1231 2330; baseline -0.003 -22"><span class='ocrx_word' id='word_1_101' title='bbox 284 2249 402 2308; x_wconf 89' lang='lat' dir='ltr'><strong>Nostra</strong></span> <span class='ocrx_word' id='word_1_102' title='bbox 413 2261 519 2311; x_wconf 89' lang='lat' dir='ltr'><strong>autem</strong></span> <span class='ocrx_word' id='word_1_103' title='bbox 532 2271 596 2311; x_wconf 88' lang='lat' dir='ltr'><strong>sors</strong></span> <span class='ocrx_word' id='word_1_104' title='bbox 607 2246 848 2310; x_wconf 88' lang='lat' dir='ltr'><strong>conviventibus</strong></span> <span class='ocrx_word' id='word_1_105' title='bbox 858 2246 1059 2330; x_wconf 87' lang='lat' dir='ltr'><strong>adaequatur,</strong></span> <span class='ocrx_word' id='word_1_106' title='bbox 1069 2246 1129 2309; x_wconf 89' lang='lat' dir='ltr'><strong>nisi</strong></span> <span class='ocrx_word' id='word_1_107' title='bbox 1145 2243 1231 2328; x_wconf 92' lang='lat' dir='ltr'><strong>quod</strong></span> 
     </span>
    </p>
   </div>
   <div class='ocr_carea' id='block_1_3' title="bbox 283 2345 1232 2529">
    <p class='ocr_par' dir='ltr' id='par_1_3' title="bbox 283 2345 1232 2529">
     <span class='ocr_line' id='line_1_16' title="bbox 283 2345 1231 2432; baseline -0.001 -24"><span class='ocrx_word' id='word_1_108' title='bbox 283 2345 364 2409; x_wconf 89' lang='lat' dir='ltr'><strong>inter</strong></span> <span class='ocrx_word' id='word_1_109' title='bbox 387 2347 523 2431; x_wconf 86' lang='lat' dir='ltr'><strong>Scyllam</strong></span> <span class='ocrx_word' id='word_1_110' title='bbox 540 2361 571 2411; x_wconf 88' lang='lat' dir='ltr'><strong>et</strong></span> <span class='ocrx_word' id='word_1_111' title='bbox 589 2347 785 2431; x_wconf 90' lang='lat' dir='ltr'><strong>Charybdim</strong></span> <span class='ocrx_word' id='word_1_112' title='bbox 812 2347 1016 2432; x_wconf 86' lang='lat' dir='ltr'><strong>periculosius</strong></span> <span class='ocrx_word' id='word_1_113' title='bbox 1035 2347 1231 2429; x_wconf 86' lang='lat' dir='ltr'><strong>navigantes,</strong></span> 
     </span>
     <span class='ocr_line' id='line_1_17' title="bbox 286 2442 1232 2529; baseline -0.002 -24"><span class='ocrx_word' id='word_1_114' title='bbox 286 2443 463 2507; x_wconf 90' lang='lat' dir='ltr'><strong>evidentior</strong></span> <span class='ocrx_word' id='word_1_115' title='bbox 486 2466 582 2529; x_wconf 89' lang='lat' dir='ltr'><strong>supra</strong></span> <span class='ocrx_word' id='word_1_116' title='bbox 605 2456 767 2508; x_wconf 76' lang='lat' dir='ltr'><strong>utcontra</strong></span> <span class='ocrx_word' id='word_1_117' title='bbox 788 2448 900 2508; x_wconf 90' lang='lat' dir='ltr'><strong>merita</strong></span> <span class='ocrx_word' id='word_1_118' title='bbox 919 2457 1027 2508; x_wconf 89' lang='lat' dir='ltr'><strong>nostra</strong></span> <span class='ocrx_word' id='word_1_119' title='bbox 1049 2445 1109 2507; x_wconf 89' lang='lat' dir='ltr'><strong>Dei</strong></span> <span class='ocrx_word' id='word_1_120' title='bbox 1126 2442 1232 2528; x_wconf 90' lang='lat' dir='ltr'><strong>propi·</strong></span> 
     </span>
    </p>
   </div>
   <div class='ocr_carea' id='block_1_4' title="bbox 283 2543 1231 2837">
    <p class='ocr_par' dir='ltr' id='par_1_4' title="bbox 283 2543 1231 2837">
     <span class='ocr_line' id='line_1_18' title="bbox 286 2543 1231 2630; baseline -0.003 -22"><span class='ocrx_word' id='word_1_121' title='bbox 286 2543 376 2609; x_wconf 89' lang='lat' dir='ltr'><strong>tiatio</strong></span> <span class='ocrx_word' id='word_1_122' title='bbox 387 2545 556 2630; x_wconf 85' lang='lat' dir='ltr'><strong>benignius</strong></span> <span class='ocrx_word' id='word_1_123' title='bbox 565 2545 754 2611; x_wconf 90' lang='lat' dir='ltr'><strong>consolatur.</strong></span> <span class='ocrx_word' id='word_1_124' title='bbox 780 2547 861 2610; x_wconf 91' lang='lat' dir='ltr'><strong>Nam</strong></span> <span class='ocrx_word' id='word_1_125' title='bbox 879 2558 915 2611; x_wconf 89' lang='lat' dir='ltr'><strong>ut</strong></span> <span class='ocrx_word' id='word_1_126' title='bbox 931 2546 989 2611; x_wconf 89' lang='lat' dir='ltr'><strong>sibi</strong></span> <span class='ocrx_word' id='word_1_127' title='bbox 1002 2547 1104 2630; x_wconf 86' lang='lat' dir='ltr'><strong>magis</strong></span> <span class='ocrx_word' id='word_1_128' title='bbox 1119 2543 1231 2606; x_wconf 90' lang='lat' dir='ltr'><strong>reddat</strong></span> 
     </span>
     <span class='ocr_line' id='line_1_19' title="bbox 284 2645 1229 2734; baseline -0.002 -25"><span class='ocrx_word' id='word_1_129' title='bbox 284 2646 448 2724; x_wconf 86' lang='lat' dir='ltr'><strong>obnoxios,</strong></span> <span class='ocrx_word' id='word_1_130' title='bbox 463 2648 651 2713; x_wconf 89' lang='lat' dir='ltr'><strong>intentatae</strong></span> <span class='ocrx_word' id='word_1_131' title='bbox 667 2649 770 2712; x_wconf 89' lang='lat' dir='ltr'><strong>vicino</strong></span> <span class='ocrx_word' id='word_1_132' title='bbox 784 2648 923 2712; x_wconf 90' lang='lat' dir='ltr'><strong>ostendit</strong></span> <span class='ocrx_word' id='word_1_133' title='bbox 938 2648 1088 2734; x_wconf 87' lang='lat' dir='ltr'><strong>pericula,</strong></span> <span class='ocrx_word' id='word_1_134' title='bbox 1104 2661 1136 2709; x_wconf 91' lang='lat' dir='ltr'><strong>et</strong></span> <span class='ocrx_word' id='word_1_135' title='bbox 1152 2645 1229 2707; x_wconf 88' lang='lat' dir='ltr'><strong>vali-</strong></span> 
     </span>
     <span class='ocr_line' id='line_1_20' title="bbox 283 2748 1230 2837; baseline -0.002 -25"><span class='ocrx_word' id='word_1_136' title='bbox 283 2749 604 2835; x_wconf 87' lang='lat' dir='ltr'><strong>dinsirruentiasaepe</strong></span> <span class='ocrx_word' id='word_1_137' title='bbox 614 2750 1065 2837; x_wconf 83' lang='lat' dir='ltr'><strong>longiusfortiusquerepellit,</strong></span> <span class='ocrx_word' id='word_1_138' title='bbox 1073 2761 1109 2812; x_wconf 91' lang='lat' dir='ltr'><strong>ut</strong></span> <span class='ocrx_word' id='word_1_139' title='bbox 1119 2748 1230 2812; x_wconf 88' lang='lat' dir='ltr'><strong>merito</strong></span> 
     </span>
    </p>
   </div>
   <div class='ocr_carea' id='block_1_5' title="bbox 283 2850 1231 3033">
    <p class='ocr_par' dir='ltr' id='par_1_5' title="bbox 283 2850 1231 3033">
     <span class='ocr_line' id='line_1_21' title="bbox 283 2850 1230 2928; baseline -0.001 -13"><span class='ocrx_word' id='word_1_140' title='bbox 283 2851 387 2916; x_wconf 88' lang='lat' dir='ltr'><strong>dicere</strong></span> <span class='ocrx_word' id='word_1_141' title='bbox 401 2853 592 2917; x_wconf 86' lang='lat' dir='ltr'><strong>debeamus:</strong></span> <span class='ocrx_word' id='word_1_142' title='bbox 617 2854 679 2925; x_wconf 87' lang='lat' dir='ltr'><strong>Qui</strong></span> <span class='ocrx_word' id='word_1_143' title='bbox 704 2852 878 2914; x_wconf 89' lang='lat' dir='ltr'><strong>Dominum</strong></span> <span class='ocrx_word' id='word_1_144' title='bbox 901 2854 1026 2928; x_wconf 85' lang='lat' dir='ltr'><strong>Jesum,</strong></span> <span class='ocrx_word' id='word_1_145' title='bbox 1049 2851 1125 2915; x_wconf 89' lang='lat' dir='ltr'><strong>velit</strong></span> <span class='ocrx_word' id='word_1_146' title='bbox 1151 2850 1230 2914; x_wconf 92' lang='lat' dir='ltr'><strong>nolit</strong></span> 
     </span>
     <span class='ocr_line' id='line_1_22' title="bbox 283 2948 1231 3033; baseline -0.001 -22"><span class='ocrx_word' id='word_1_147' title='bbox 283 2949 432 3023; x_wconf 91' lang='lat' dir='ltr'><strong>mundus,</strong></span> <span class='ocrx_word' id='word_1_148' title='bbox 441 2948 649 3033; x_wconf 89' lang='lat' dir='ltr'><strong>superomnia</strong></span> <span class='ocrx_word' id='word_1_149' title='bbox 660 2948 1053 3033; x_wconf 87' lang='lat' dir='ltr'><strong>benedictumnondiligit,</strong></span> <span class='ocrx_word' id='word_1_150' title='bbox 1064 2948 1231 3012; x_wconf 89' lang='lat' dir='ltr'><strong>anathema</strong></span> 
     </span>
    </p>
   </div>
   <div class='ocr_carea' id='block_1_6' title="bbox 279 3049 1230 4532">
    <p class='ocr_par' dir='ltr' id='par_1_6' title="bbox 279 3049 1230 3928">
     <span class='ocr_line' id='line_1_23' title="bbox 283 3049 1230 3135; baseline -0.001 -22"><span class='ocrx_word' id='word_1_151' title='bbox 283 3052 331 3113; x_wconf 90' lang='lat' dir='ltr'><strong>sit.</strong></span> <span class='ocrx_word' id='word_1_152' title='bbox 376 3053 491 3114; x_wconf 89' lang='lat' dir='ltr'><strong>Vestra</strong></span> <span class='ocrx_word' id='word_1_153' title='bbox 519 3063 638 3128; x_wconf 89' lang='lat' dir='ltr'><strong>autem,</strong></span> <span class='ocrx_word' id='word_1_154' title='bbox 667 3073 741 3135; x_wconf 89' lang='lat' dir='ltr'><strong>quae</strong></span> <span class='ocrx_word' id='word_1_155' title='bbox 770 3049 802 3111; x_wconf 91' lang='lat' dir='ltr'><strong>in</strong></span> <span class='ocrx_word' id='word_1_156' title='bbox 832 3050 978 3135; x_wconf 88' lang='lat' dir='ltr'><strong>partibus</strong></span> <span class='ocrx_word' id='word_1_157' title='bbox 1008 3051 1121 3113; x_wconf 88' lang='lat' dir='ltr'><strong>nostris</strong></span> <span class='ocrx_word' id='word_1_158' title='bbox 1146 3064 1230 3129; x_wconf 88' lang='lat' dir='ltr'><strong>sunt,</strong></span> 
     </span>
     <span class='ocr_line' id='line_1_24' title="bbox 283 3148 1230 3237; baseline 0.002 -24"><span class='ocrx_word' id='word_1_159' title='bbox 283 3149 390 3214; x_wconf 91' lang='lat' dir='ltr'><strong>multis</strong></span> <span class='ocrx_word' id='word_1_160' title='bbox 405 3148 552 3234; x_wconf 90' lang='lat' dir='ltr'><strong>periculis</strong></span> <span class='ocrx_word' id='word_1_161' title='bbox 568 3163 782 3235; x_wconf 87' lang='lat' dir='ltr'><strong>exponuntur.</strong></span> <span class='ocrx_word' id='word_1_162' title='bbox 813 3151 923 3215; x_wconf 87' lang='lat' dir='ltr'><strong>Nostri</strong></span> <span class='ocrx_word' id='word_1_163' title='bbox 939 3164 1083 3237; x_wconf 91' lang='lat' dir='ltr'><strong>potentes</strong></span> <span class='ocrx_word' id='word_1_164' title='bbox 1097 3151 1230 3215; x_wconf 90' lang='lat' dir='ltr'><strong>circum-</strong></span> 
     </span>
     <span class='ocr_line' id='line_1_25' title="bbox 284 3250 1228 3339; baseline 0.004 -26"><span class='ocrx_word' id='word_1_165' title='bbox 284 3273 413 3335; x_wconf 89' lang='lat' dir='ltr'><strong>quaque</strong></span> <span class='ocrx_word' id='word_1_166' title='bbox 427 3252 461 3314; x_wconf 90' lang='lat' dir='ltr'><strong>in</strong></span> <span class='ocrx_word' id='word_1_167' title='bbox 476 3250 568 3336; x_wconf 90' lang='lat' dir='ltr'><strong>lupos</strong></span> <span class='ocrx_word' id='word_1_168' title='bbox 583 3252 724 3316; x_wconf 90' lang='lat' dir='ltr'><strong>conversi</strong></span> <span class='ocrx_word' id='word_1_169' title='bbox 748 3268 834 3331; x_wconf 86' lang='lat' dir='ltr'><strong>sunt,</strong></span> <span class='ocrx_word' id='word_1_170' title='bbox 851 3278 931 3339; x_wconf 87' lang='lat' dir='ltr'><strong>quos</strong></span> <span class='ocrx_word' id='word_1_171' title='bbox 945 3254 1090 3339; x_wconf 88' lang='lat' dir='ltr'><strong>improba</strong></span> <span class='ocrx_word' id='word_1_172' title='bbox 1110 3254 1228 3318; x_wconf 88' lang='lat' dir='ltr'><strong>ventris</strong></span> 
     </span>
     <span class='ocr_line' id='line_1_26' title="bbox 282 3351 1229 3439; baseline 0.005 -25"><span class='ocrx_word' id='word_1_173' title='bbox 282 3351 349 3436; x_wconf 90' lang='lat' dir='ltr'><strong>agit</strong></span> <span class='ocrx_word' id='word_1_174' title='bbox 371 3351 538 3437; x_wconf 88' lang='lat' dir='ltr'><strong>ingluvies,</strong></span> <span class='ocrx_word' id='word_1_175' title='bbox 555 3364 589 3414; x_wconf 94' lang='lat' dir='ltr'><strong>ut</strong></span> <span class='ocrx_word' id='word_1_176' title='bbox 601 3354 677 3435; x_wconf 90' lang='lat' dir='ltr'><strong>jura</strong></span> <span class='ocrx_word' id='word_1_177' title='bbox 691 3365 927 3439; x_wconf 89' lang='lat' dir='ltr'><strong>potestatesque</strong></span> <span class='ocrx_word' id='word_1_178' title='bbox 949 3367 1160 3419; x_wconf 89' lang='lat' dir='ltr'><strong>contemnant.</strong></span> <span class='ocrx_word' id='word_1_179' title='bbox 1183 3356 1229 3419; x_wconf 89' lang='lat' dir='ltr'><strong>Et</strong></span> 
     </span>
     <span class='ocr_line' id='line_1_27' title="bbox 282 3451 1229 3532; baseline 0.003 -18"><span class='ocrx_word' id='word_1_180' title='bbox 282 3452 340 3516; x_wconf 92' lang='lat' dir='ltr'><strong>nisi</strong></span> <span class='ocrx_word' id='word_1_181' title='bbox 353 3452 499 3531; x_wconf 85' lang='lat' dir='ltr'><strong>hominis,</strong></span> <span class='ocrx_word' id='word_1_182' title='bbox 514 3451 564 3516; x_wconf 91' lang='lat' dir='ltr'><strong>cui</strong></span> <span class='ocrx_word' id='word_1_183' title='bbox 578 3452 708 3515; x_wconf 90' lang='lat' dir='ltr'><strong>domum</strong></span> <span class='ocrx_word' id='word_1_184' title='bbox 721 3456 930 3532; x_wconf 88' lang='lat' dir='ltr'><strong>commisistis,</strong></span> <span class='ocrx_word' id='word_1_185' title='bbox 945 3457 1104 3520; x_wconf 88' lang='lat' dir='ltr'><strong>laboriosa</strong></span> <span class='ocrx_word' id='word_1_186' title='bbox 1118 3470 1149 3519; x_wconf 88' lang='lat' dir='ltr'><strong>et</strong></span> <span class='ocrx_word' id='word_1_187' title='bbox 1164 3456 1229 3517; x_wconf 87' lang='lat' dir='ltr'><strong>effi-</strong></span> 
     </span>
     <span class='ocr_line' id='line_1_28' title="bbox 281 3554 1228 3641; baseline 0.001 -24"><span class='ocrx_word' id='word_1_188' title='bbox 281 3577 339 3617; x_wconf 86' lang='lat' dir='ltr'><strong>cax</strong></span> <span class='ocrx_word' id='word_1_189' title='bbox 351 3554 547 3618; x_wconf 87' lang='lat' dir='ltr'><strong>subvenisset</strong></span> <span class='ocrx_word' id='word_1_190' title='bbox 563 3554 730 3634; x_wconf 88' lang='lat' dir='ltr'><strong>industria,</strong></span> <span class='ocrx_word' id='word_1_191' title='bbox 741 3558 809 3641; x_wconf 91' lang='lat' dir='ltr'><strong>jam</strong></span> <span class='ocrx_word' id='word_1_192' title='bbox 822 3558 910 3621; x_wconf 91' lang='lat' dir='ltr'><strong>nullo</strong></span> <span class='ocrx_word' id='word_1_193' title='bbox 922 3572 978 3620; x_wconf 89' lang='lat' dir='ltr'><strong>aut</strong></span> <span class='ocrx_word' id='word_1_194' title='bbox 990 3579 1063 3621; x_wconf 88' lang='lat' dir='ltr'><strong>raro</strong></span> <span class='ocrx_word' id='word_1_195' title='bbox 1072 3556 1228 3619; x_wconf 89' lang='lat' dir='ltr'><strong>coleretur</strong></span> 
     </span>
     <span class='ocr_line' id='line_1_29' title="bbox 279 3656 1227 3734; baseline 0.003 -15"><span class='ocrx_word' id='word_1_196' title='bbox 279 3657 465 3721; x_wconf 91' lang='lat' dir='ltr'><strong>habitatore.</strong></span> <span class='ocrx_word' id='word_1_197' title='bbox 489 3656 622 3730; x_wconf 85' lang='lat' dir='ltr'><strong>Qualem</strong></span> <span class='ocrx_word' id='word_1_198' title='bbox 646 3680 721 3720; x_wconf 92' lang='lat' dir='ltr'><strong>vero</strong></span> <span class='ocrx_word' id='word_1_199' title='bbox 735 3658 821 3722; x_wconf 87' lang='lat' dir='ltr'><strong>illam</strong></span> <span class='ocrx_word' id='word_1_200' title='bbox 836 3660 1003 3734; x_wconf 88' lang='lat' dir='ltr'><strong>invenerit,</strong></span> <span class='ocrx_word' id='word_1_201' title='bbox 1019 3657 1080 3721; x_wconf 89' lang='lat' dir='ltr'><strong>alia</strong></span> <span class='ocrx_word' id='word_1_202' title='bbox 1096 3658 1163 3719; x_wconf 90' lang='lat' dir='ltr'><strong>vice</strong></span> <span class='ocrx_word' id='word_1_203' title='bbox 1178 3681 1227 3722; x_wconf 90' lang='lat' dir='ltr'><strong>me</strong></span> 
     </span>
     <span class='ocr_line' id='line_1_30' title="bbox 279 3757 1226 3843; baseline -0.003 -20"><span class='ocrx_word' id='word_1_204' title='bbox 279 3757 367 3823; x_wconf 90' lang='lat' dir='ltr'><strong>vobis</strong></span> <span class='ocrx_word' id='word_1_205' title='bbox 378 3758 537 3843; x_wconf 88' lang='lat' dir='ltr'><strong>scripsisse</strong></span> <span class='ocrx_word' id='word_1_206' title='bbox 552 3759 689 3835; x_wconf 87' lang='lat' dir='ltr'><strong>memini,</strong></span> <span class='ocrx_word' id='word_1_207' title='bbox 703 3773 734 3823; x_wconf 92' lang='lat' dir='ltr'><strong>et</strong></span> <span class='ocrx_word' id='word_1_208' title='bbox 750 3783 769 3822; x_wconf 92' lang='lat' dir='ltr'><strong>a</strong></span> <span class='ocrx_word' id='word_1_209' title='bbox 780 3760 930 3823; x_wconf 88' lang='lat' dir='ltr'><strong>memoria</strong></span> <span class='ocrx_word' id='word_1_210' title='bbox 946 3771 1049 3823; x_wconf 89' lang='lat' dir='ltr'><strong>vestra</strong></span> <span class='ocrx_word' id='word_1_211' title='bbox 1063 3781 1124 3821; x_wconf 91' lang='lat' dir='ltr'><strong>non</strong></span> <span class='ocrx_word' id='word_1_212' title='bbox 1145 3758 1226 3822; x_wconf 88' lang='lat' dir='ltr'><strong>arbi-</strong></span> 
     </span>
     <span class='ocr_line' id='line_1_31' title="bbox 280 3860 521 3928; baseline 0.004 -6"><span class='ocrx_word' id='word_1_213' title='bbox 280 3874 345 3928; x_wconf 90' lang='lat' dir='ltr'><strong>tror</strong></span> <span class='ocrx_word' id='word_1_214' title='bbox 360 3860 521 3923; x_wconf 88' lang='lat' dir='ltr'><strong>excidisse.</strong></span> 
     </span>
    </p>

    <p class='ocr_par' dir='ltr' id='par_1_7' title="bbox 280 3962 1228 4452">
     <span class='ocr_line' id='line_1_32' title="bbox 324 3962 1226 4049; baseline -0.003 -24"><span class='ocrx_word' id='word_1_215' title='bbox 324 3964 431 4037; x_wconf 81' lang='lat' dir='ltr'><strong>Quum</strong></span> <span class='ocrx_word' id='word_1_216' title='bbox 455 3962 536 4024; x_wconf 90' lang='lat' dir='ltr'><strong>enim</strong></span> <span class='ocrx_word' id='word_1_217' title='bbox 559 3962 635 4026; x_wconf 90' lang='lat' dir='ltr'><strong>illuc</strong></span> <span class='ocrx_word' id='word_1_218' title='bbox 650 3964 682 4025; x_wconf 92' lang='lat' dir='ltr'><strong>in</strong></span> <span class='ocrx_word' id='word_1_219' title='bbox 705 3962 833 4049; x_wconf 88' lang='lat' dir='ltr'><strong>propria</strong></span> <span class='ocrx_word' id='word_1_220' title='bbox 855 3986 988 4048; x_wconf 90' lang='lat' dir='ltr'><strong>persona</strong></span> <span class='ocrx_word' id='word_1_221' title='bbox 1002 3962 1149 4026; x_wconf 88' lang='lat' dir='ltr'><strong>accedere</strong></span> <span class='ocrx_word' id='word_1_222' title='bbox 1163 3984 1226 4023; x_wconf 94' lang='lat' dir='ltr'><strong>non</strong></span> 
     </span>
     <span class='ocr_line' id='line_1_33' title="bbox 280 4061 1225 4148; baseline -0.002 -23"><span class='ocrx_word' id='word_1_223' title='bbox 280 4061 428 4137; x_wconf 86' lang='lat' dir='ltr'><strong>valerem,</strong></span> <span class='ocrx_word' id='word_1_224' title='bbox 438 4062 620 4146; x_wconf 86' lang='lat' dir='ltr'><strong>diligentem</strong></span> <span class='ocrx_word' id='word_1_225' title='bbox 633 4064 672 4127; x_wconf 93' lang='lat' dir='ltr'><strong>de</strong></span> <span class='ocrx_word' id='word_1_226' title='bbox 683 4064 861 4127; x_wconf 90' lang='lat' dir='ltr'><strong>domesticis</strong></span> <span class='ocrx_word' id='word_1_227' title='bbox 873 4065 986 4128; x_wconf 90' lang='lat' dir='ltr'><strong>nostris</strong></span> <span class='ocrx_word' id='word_1_228' title='bbox 996 4064 1225 4148; x_wconf 88' lang='lat' dir='ltr'><strong>exploratorem</strong></span> 
     </span>
     <span class='ocr_line' id='line_1_34' title="bbox 281 4162 1228 4249; baseline 0 -24"><span class='ocrx_word' id='word_1_229' title='bbox 281 4162 396 4237; x_wconf 82' lang='lat' dir='ltr'><strong>direxi,</strong></span> <span class='ocrx_word' id='word_1_230' title='bbox 419 4173 451 4224; x_wconf 87' lang='lat' dir='ltr'><strong>et</strong></span> <span class='ocrx_word' id='word_1_231' title='bbox 471 4164 578 4227; x_wconf 87' lang='lat' dir='ltr'><strong>audita</strong></span> <span class='ocrx_word' id='word_1_232' title='bbox 593 4187 649 4249; x_wconf 89' lang='lat' dir='ltr'><strong>per</strong></span> <span class='ocrx_word' id='word_1_233' title='bbox 670 4187 743 4228; x_wconf 90' lang='lat' dir='ltr'><strong>eum</strong></span> <span class='ocrx_word' id='word_1_234' title='bbox 767 4177 870 4228; x_wconf 89' lang='lat' dir='ltr'><strong>status</strong></span> <span class='ocrx_word' id='word_1_235' title='bbox 892 4164 1106 4227; x_wconf 86' lang='lat' dir='ltr'><strong>melioratione</strong></span> <span class='ocrx_word' id='word_1_236' title='bbox 1128 4162 1228 4225; x_wconf 91' lang='lat' dir='ltr'><strong>mani·</strong></span> 
     </span>
     <span class='ocr_line' id='line_1_35' title="bbox 281 4262 1226 4346; baseline 0.001 -22"><span class='ocrx_word' id='word_1_237' title='bbox 281 4262 373 4339; x_wconf 81' lang='lat' dir='ltr'><strong>festa,</strong></span> <span class='ocrx_word' id='word_1_238' title='bbox 389 4262 518 4346; x_wconf 88' lang='lat' dir='ltr'><strong>gavisus</strong></span> <span class='ocrx_word' id='word_1_239' title='bbox 539 4287 615 4328; x_wconf 91' lang='lat' dir='ltr'><strong>snm.</strong></span> <span class='ocrx_word' id='word_1_240' title='bbox 661 4267 736 4327; x_wconf 87' lang='lat' dir='ltr'><strong>Jam</strong></span> <span class='ocrx_word' id='word_1_241' title='bbox 760 4265 843 4327; x_wconf 93' lang='lat' dir='ltr'><strong>enim</strong></span> <span class='ocrx_word' id='word_1_242' title='bbox 864 4288 913 4330; x_wconf 88' lang='lat' dir='ltr'><strong>res</strong></span> <span class='ocrx_word' id='word_1_243' title='bbox 935 4266 1064 4329; x_wconf 83' lang='lat' dir='ltr'><strong>directae</strong></span> <span class='ocrx_word' id='word_1_244' title='bbox 1081 4275 1170 4326; x_wconf 87' lang='lat' dir='ltr'><strong>erant</strong></span> <span class='ocrx_word' id='word_1_245' title='bbox 1193 4264 1226 4325; x_wconf 91' lang='lat' dir='ltr'><strong>in</strong></span> 
     </span>
     <span class='ocr_line' id='line_1_36' title="bbox 281 4363 1228 4452; baseline 0.001 -26"><span class='ocrx_word' id='word_1_246' title='bbox 281 4364 366 4426; x_wconf 91' lang='lat' dir='ltr'><strong>hunc</strong></span> <span class='ocrx_word' id='word_1_247' title='bbox 388 4363 569 4443; x_wconf 87' lang='lat' dir='ltr'><strong>articulum,</strong></span> <span class='ocrx_word' id='word_1_248' title='bbox 594 4379 629 4429; x_wconf 92' lang='lat' dir='ltr'><strong>ut</strong></span> <span class='ocrx_word' id='word_1_249' title='bbox 652 4366 677 4429; x_wconf 91' lang='lat' dir='ltr'><strong>si</strong></span> <span class='ocrx_word' id='word_1_250' title='bbox 701 4368 859 4431; x_wconf 92' lang='lat' dir='ltr'><strong>Dominus</strong></span> <span class='ocrx_word' id='word_1_251' title='bbox 881 4389 988 4452; x_wconf 86' lang='lat' dir='ltr'><strong>pacem</strong></span> <span class='ocrx_word' id='word_1_252' title='bbox 1005 4368 1105 4442; x_wconf 89' lang='lat' dir='ltr'><strong>daret,</strong></span> <span class='ocrx_word' id='word_1_253' title='bbox 1129 4377 1160 4428; x_wconf 88' lang='lat' dir='ltr'><strong>et</strong></span> <span class='ocrx_word' id='word_1_254' title='bbox 1181 4365 1228 4428; x_wconf 88' lang='lat' dir='ltr'><strong>ibi</strong></span> 
     </span>
    </p>

    <p class='ocr_par' dir='ltr' id='par_1_8' title="bbox 328 4486 767 4532">
     <span class='ocr_line' id='line_1_37' title="bbox 328 4486 767 4532; baseline 0.007 -3"><span class='ocrx_word' id='word_1_255' title='bbox 328 4486 399 4530; x_wconf 77' lang='lat' dir='ltr'><strong>von.</strong></span> <span class='ocrx_word' id='word_1_256' title='bbox 417 4487 453 4530; x_wconf 90' lang='lat'><strong>11.</strong></span> <span class='ocrx_word' id='word_1_257' title='bbox 744 4487 767 4532; x_wconf 82' lang='lat' dir='ltr'>U</span> 
     </span>
    </p>
   </div>
   <div class='ocr_carea' id='block_1_7' title="bbox 0 0 1522 5200">
    <p class='ocr_par' dir='ltr' id='par_1_9' title="bbox 0 0 1522 5200">
     <span class='ocr_line' id='line_1_38' title="bbox 0 0 1522 5200; baseline 0 2"><span class='ocrx_word' id='word_1_258' title='bbox 0 0 1522 5200; x_wconf 95' lang='lat' dir='ltr'><strong> </strong></span> 
     </span>
    </p>
   </div>
  </div>
 </body>
</html>
