3034 5200
276 694 317 752 88
533 706 668 751 ioannis
684 703 957 750 sanusnaurunsrs
1132 689 1178 763 [t.
1194 707 1227 752 n.

277 871 309 921 et
334 859 490 940 impendii
513 858 699 942 temporalis
723 866 876 920 aetemum
903 857 1140 940 compendium.
1185 860 1232 920 Et

278 958 418 1041 quidem,
432 969 469 1021 ut
485 959 609 1044 justum
624 969 682 1038 est,
697 958 806 1038 magni
821 958 904 1022 facio
925 971 1055 1021 terrenae
1070 959 1233 1022 facultatis

278 1058 431 1137 subsidia,
445 1060 502 1122 sed
525 1059 625 1141 pluris
646 1068 721 1122 sunt
742 1057 856 1122 solatia
877 1058 954 1121 recti
973 1059 1111 1136 consilii,
1126 1081 1197 1142 quae
1212 1081 1232 1122 a

278 1160 369 1223 vobis
392 1159 608 1224 indesinenter
628 1161 761 1243 recipi0,
777 1172 809 1222 et
830 1160 1026 1223 adminicula
1046 1180 1129 1222 verae
1146 1159 1230 1235 vitae,

278 1262 475 1332 monimenta
490 1262 626 1325 dixerim
643 1276 676 1326 et
689 1263 900 1324 instrumenta
914 1261 1089 1344 sapientise.

320 1360 428 1427 Causa
460 1383 536 1444 ergo
567 1362 748 1446 frequenter
784 1360 944 1425 scribendi
975 1361 1076 1437 vobis,
1106 1359 1228 1442 duplex

278 1463 358 1527 mihi
373 1474 438 1527 est:
462 1462 564 1548 primo
584 1471 620 1528 ut
639 1474 755 1527 statum
771 1475 922 1536 vestrum,
943 1485 1039 1546 quem
1058 1461 1231 1546 periclitari

280 1564 387 1644 timec,
402 1566 576 1650 explorans
591 1563 785 1627 satisfaciam
801 1562 1029 1626 sollicitudini:
1054 1561 1181 1625 Deinde
1196 1573 1233 1627 ut

280 1675 383 1729 vestra
405 1664 575 1748 prudentia
595 1666 740 1740 instruar,
756 1665 892 1746 qualiter
912 1687 964 1726 me
987 1664 1028 1727 ad
1049 1665 1154 1727 varios
1170 1665 1230 1726 for-

279 1777 364 1827 tunae
395 1775 500 1826 motus
528 1773 671 1846 oporteat
699 1764 892 1845 praemuniri.
935 1765 1076 1827 Proinde
1106 1767 1233 1848 placeat

280 1875 393 1927 vestrae
420 1862 595 1944 dignationi
617 1863 791 1925 rescribere
818 1859 968 1945 quatinus
995 1885 1067 1926 cum
1098 1866 1232 1928 domino

280 1987 355 2047 rege
377 1963 591 2048 processeritis
613 1963 646 2024 in
661 1962 758 2025 verbo
780 1963 881 2044 pacis,
901 1963 980 2044 quid
1001 1975 1108 2026 actum
1131 1966 1173 2027 sit
1195 1967 1231 2028 in

281 2066 377 2130 curiae
391 2063 594 2140 Pictavicnsi,
609 2062 665 2125 nbi
688 2062 842 2126 credibile
858 2073 907 2126 est
922 2065 1034 2146 vulpes
1049 2064 1157 2128 foveas
1179 2066 1228 2129 in-

280 2166 405 2230 venisse
417 2173 449 2228 et
458 2165 600 2226 volucres
612 2163 685 2226 coeli
699 2161 805 2239 nidos,
817 2172 848 2226 et
858 2165 998 2246 parvulo,
1010 2165 1102 2249 cujus
1115 2168 1232 2230 natalis

280 2266 509 2343 celebrabatur,
519 2285 602 2347 pene
616 2263 850 2327 reclinatorium
864 2263 1012 2330 defuisse.
1051 2265 1231 2352 Conjicitur

280 2367 364 2430 onim
388 2364 552 2448 Radulphi
567 2365 608 2428 de
623 2363 702 2428 Faia
724 2364 870 2447 spiritum
889 2366 936 2428 ibi
957 2368 1179 2451 praepotuisse,
1194 2381 1231 2432 ut

279 2479 311 2532 et
325 2468 489 2551 prophetae
504 2475 537 2529 at
551 2486 715 2550 praecones
730 2465 841 2548 palatii
855 2466 1004 2532 inebriati
1020 2469 1084 2531 sint
1100 2470 1181 2533 dolis
1196 2481 1231 2534 et

280 2569 455 2635 temeritate
479 2567 575 2632 illius.
621 2569 742 2652 Utique
772 2576 864 2657 retus
892 2569 1095 2653 proverbium
1118 2581 1167 2635 est
1196 2580 1230 2636 et

280 2672 368 2757 quod
389 2670 604 2754 Vespasianus
624 2673 788 2752 Augustus
809 2670 844 2732 in
866 2692 900 2733 se
927 2670 1050 2734 dictum
1072 2672 1231 2753 patienter

279 2772 412 2850 audivit,
433 2772 570 2857 Vulpem
593 2790 688 2854 posse
710 2778 831 2831 mutare
853 2769 966 2851 pilum,
986 2791 1054 2832 non
1076 2770 1227 2834 animum.

280 2872 426 2936 Tradunt
449 2872 543 2936 etiam
568 2870 624 2956 qui
647 2870 687 2935 de
710 2869 896 2934 animalium
919 2869 1073 2952 scripsere
1097 2871 1231 2951 naturis,

280 2972 357 3056 quia
384 2972 447 3034 hoc
482 2993 582 3053 genus
610 2971 755 3036 animalis
788 2970 877 3034 nullo
913 2992 1056 3056 unquam
1086 2982 1229 3058 tempore

280 3069 482 3142 mansuescit.
526 3071 573 3134 Et
586 3069 721 3142 Offellus
771 3086 774 3091 ·

420 3172 474 3237 Qut
484 3176 572 3226 coarat
581 3171 652 3246 nrlpi
663 3174 747 3229 anlcm
758 3178 858 3230 variare
869 3195 977 3233 neceme
989 3186 1039 3234 est.

282 3269 347 3338 sod
369 3265 499 3334 confido
522 3267 680 3354 quadros
701 3270 763 3334 etsi
786 3292 852 3336 non
875 3270 1098 3355 inconcussos,
1111 3278 1229 3341 illaesos

280 3380 388 3444 nmen
408 3368 509 3456 mauu
530 3368 745 3443 conservarit:
768 3371 854 3444 Quia
871 3373 1004 3438 frusnus
1020 3376 1142 3461 jacitur
1163 3391 1228 3441 rete

378 3467 485 3538 nalo·
498 3478 718 3556 pennatorum.
763 3470 880 3537 Precor
893 3474 988 3540 ctiam
1004 3487 1050 3554 ut,
1065 3477 1233 3561 perpensis

450 3567 563 3638 annot
583 3567 706 3636 domini
730 3571 817 3654 ragis
838 3574 1015 3655 Anglorum
1038 3572 1188 3640 dicuntur
1210 3598 1230 3641 a

502 3667 763 3758 lctlmpetraasc,
776 3674 966 3753 rescribatis,
978 3677 1114 3759 qualiter
1128 3677 1230 3740 domi-

510 3767 645 3854 imcrn,
659 3780 694 3840 at
707 3793 758 3840 rna
779 3783 843 3838 tam
858 3796 934 3856 erga
957 3775 1232 3857 Cantuariensem,

508 3867 597 3952 ,alre
615 3872 740 3958 lagatos
764 3875 881 3940 versari
902 3887 1055 3959 oporteat.
1101 3881 1187 3942 Nam
1203 3881 1231 3942 si

477 3967 565 4040 tndl
582 3980 720 4058 oportet,
735 3983 769 4040 ct
787 3972 1037 4039 adversariorum
1051 3976 1229 4062 jactantiae,

482 4069 631 4148 munna
649 4070 757 4141 timuit
778 4083 833 4141 aut
854 4076 991 4155 erubuit,
1006 4100 1103 4163 quam
1124 4082 1229 4145 Roma

494 4181 628 4243 tumen
650 4173 738 4262 quod
761 4174 909 4241 domiuus
931 4199 1017 4265 papa
1036 4182 1158 4266 aliquid
1179 4206 1226 4248 re·

506 4273 572 4358 tuti
586 4275 669 4364 parti
683 4286 811 4359 nostra,
825 4278 923 4344 immo
939 4301 1005 4355 suae
1021 4293 1053 4347 et
1068 4284 1226 4350 Ecclesiae
