3034 5200
255 735 363 813 llos]
637 750 816 795 narsaeus.
1144 741 1205 800 109
1298 782 1308 795 .

251 904 358 967 batam
381 903 485 982 video,
509 905 585 987 quia
609 905 714 987 ipsum
741 902 892 966 meruisse
915 924 980 965 non
1003 904 1146 982 arbitror,
1169 917 1205 972 ut

253 1011 354 1069 restra'
369 1007 533 1069 sinceritas
554 1006 636 1069 adeo
652 1004 769 1068 debeat
790 1004 959 1085 indignari.
1005 1006 1119 1089 Neque
1140 1008 1202 1072 hoc

250 1105 395 1185 dixerim,
416 1108 498 1170 Vicit
511 1105 684 1183 Dominus,
694 1115 731 1168 ut
747 1117 890 1181 vestram,
903 1126 999 1189 quam
1011 1106 1099 1168 Deus
1114 1107 1202 1171 inco·

250 1206 366 1268 lumem
378 1219 491 1283 servet,
502 1205 750 1270 circumveniam
762 1206 937 1281 caritatem,
949 1203 1005 1268 sed
1018 1218 1053 1268 ut
1064 1208 1204 1272 veritatis

252 1308 424 1370 assertione
439 1308 561 1370 firmius
576 1307 618 1370 ad
638 1307 775 1369 invicem
791 1317 1019 1369 connectantur
1042 1309 1146 1386 amici,
1161 1333 1203 1375 ne

252 1427 292 1468 ex
308 1407 373 1470 levi
384 1409 581 1491 suspicione,
593 1408 679 1491 quod
691 1408 785 1484 absit,
797 1407 960 1489 contingat
968 1409 1103 1471 alterum
1114 1413 1204 1474 alteri

251 1505 403 1590 deperire.
449 1509 561 1572 Nostis
576 1509 660 1571 enim
675 1509 745 1593 quis
762 1508 896 1571 dixerit:
927 1508 993 1582 Qui
1006 1530 1070 1571 non
1085 1510 1202 1594 diripit,

250 1617 357 1671 manet
379 1612 414 1670 e'n
440 1617 547 1672 morte.
593 1608 688 1682 Quod
714 1621 819 1673 autem
846 1610 958 1674 nescio
988 1612 1043 1694 qui
1073 1635 1202 1678 snorum

249 1709 410 1773 honestati
424 1721 535 1773 vestrae
554 1710 704 1773 dicuntur
725 1708 811 1793 apud
827 1709 1134 1775 Christianissimum
1154 1736 1202 1778 re·

251 1831 335 1890 gem,
357 1821 389 1874 et
415 1812 607 1875 Francorum
634 1812 752 1875 curiam
781 1811 965 1888 detraxisse,
987 1834 1085 1877 unum
1113 1816 1203 1880 vobis

252 1920 386 1990 constet,
401 1912 428 1975 si
444 1922 550 1975 tamen
566 1922 691 1975 constat
706 1912 827 1992 ignoro,
845 1911 903 1974 sed
919 1912 982 1975 hoc
998 1915 1075 1977 mihi
1092 1917 1201 1980 certis·

251 2013 366 2076 simum
388 2026 447 2090 est,
470 2014 557 2097 quod
579 2015 686 2096 ipsum
709 2012 817 2075 audivi
839 2013 956 2095 saepius
982 2029 1202 2096 excusantem,

250 2129 314 2178 tam
330 2116 416 2198 apud
430 2138 549 2198 regem,
566 2137 659 2199 quam
676 2113 764 2197 apud
785 2114 865 2178 alios
879 2135 1037 2178 recessum
1055 2130 1203 2199 restrum,

251 2229 282 2281 et
296 2240 353 2301 pro
365 2219 455 2281 vobis
470 2216 588 2301 pluries
599 2215 861 2280 intercedentem.
889 2215 985 2280 Unde
1000 2238 1060 2281 nec
1073 2221 1202 2285 credere

249 2339 380 2400 possum
396 2320 483 2404 quod
500 2320 540 2383 de
557 2319 754 2384 conscientia
768 2317 868 2401 ipsius
890 2318 1057 2402 quisquam
1075 2344 1202 2386 suorum

252 2419 425 2483 detraxerit
440 2422 538 2483 vobis.
577 2422 663 2483 Nam
678 2420 706 2482 si
720 2419 865 2498 nescirit,
882 2421 909 2483 si
924 2441 988 2483 non
1005 2424 1114 2501 sensit,
1129 2447 1200 2489 eum

251 2543 317 2584 non
349 2523 546 2585 consensisse
585 2542 692 2585 verum
727 2529 787 2598 est,
816 2532 872 2585 aut
905 2534 990 2586 certe
1024 2527 1200 2607 probabile.

251 2626 363 2689 Habet
386 2625 516 2709 quidem
540 2627 666 2711 aliquos
690 2625 730 2688 de
755 2626 944 2689 coexulibus
967 2628 1032 2690 suis
1055 2629 1088 2691 in
1114 2633 1202 2696 curia

250 2726 334 2806 regis
360 2727 465 2790 minus
490 2727 623 2790 fortasse
649 2726 810 2811 providos,
834 2738 869 2790 ut
891 2729 1021 2792 verbum
1043 2729 1203 2794 incautius

250 2840 359 2890 contra
383 2849 449 2906 vos,
474 2829 525 2891 vel
551 2828 648 2891 alium
673 2827 833 2912 potuerint
859 2827 1039 2910 protulisse,
1065 2849 1128 2912 quo
1154 2829 1202 2892 eis

249 2929 328 2992 sorte
365 2930 476 2993 fierent
512 2931 676 3010 gratiores,
712 2931 829 3014 quibus
865 2930 952 3013 quod
987 2932 1202 3014 loquebantur

249 3032 375 3112 placere
391 3031 602 3094 crediderant.
646 3031 737 3093 Deus
752 3032 829 3093 mihi
846 3031 935 3095 testis
953 3044 1012 3112 est,
1026 3031 1114 3116 quod
1128 3032 1200 3096 illos

250 3151 315 3191 non
338 3130 415 3205 vidi,
429 3152 489 3193 nec
513 3130 620 3194 audivi
642 3131 839 3194 committere
862 3132 949 3215 quod
972 3146 1155 3213 arguuntur,
1169 3145 1202 3198 et

249 3229 354 3293 adhue
371 3231 426 3313 qni
442 3232 505 3293 sint
528 3232 585 3308 illi,
601 3253 726 3314 prorsus
745 3232 868 3313 ignoro,
883 3233 909 3296 si
931 3234 985 3315 qui
1003 3235 1066 3297 sint
1083 3245 1200 3299 tamen.

249 3332 406 3395 Ceterum
433 3344 641 3396 memoratum
668 3354 774 3414 regem
797 3356 839 3398 ex
865 3334 965 3397 tribus
988 3337 1111 3400 caussis
1133 3361 1200 3403 non

249 3434 376 3515 ambigo
391 3433 601 3516 indignatum.
646 3436 788 3508 Quarum
803 3437 906 3520 prima
925 3450 982 3516 est,
998 3439 1087 3521 quod
1102 3463 1199 3524 quum

249 3546 322 3618 post
347 3537 478 3598 moltam
508 3537 639 3617 gratiam
667 3549 699 3599 et
728 3537 977 3600 familiaritatem
1003 3537 1073 3621 ejus
1098 3561 1200 3624 prope

249 3639 370 3713 locum,
385 3640 441 3701 ubi
460 3640 653 3713 morabatur,
670 3640 837 3702 transitum
856 3638 1014 3715 laceretis,
1029 3639 1201 3706 divertistis

250 3748 281 3801 et
294 3739 469 3803 recessistis
492 3761 510 3801 a
525 3761 634 3819 regno,
650 3740 705 3802 ubi
726 3751 775 3803 tot
790 3742 876 3802 bona
897 3738 988 3801 vobis
1006 3740 1046 3802 ab
1069 3740 1201 3807 infantia

249 3841 363 3903 collata
377 3840 513 3917 fuerant,
524 3840 581 3903 ubi
595 3862 710 3903 nomen
727 3854 866 3904 vestrum
878 3842 1043 3919 claruerat,
1055 3842 1124 3926 ipso
1140 3868 1199 3909 nec

249 3941 392 4004 salutato.
440 3941 598 4017 Secunda,
620 3942 707 4025 quod
727 3941 768 4004 ad
791 3942 1024 4020 schismaticos,
1039 3966 1104 4007 non
1126 3944 1200 4007 dico

248 4041 481 4118 schismaticus
507 4041 677 4119 transistis,
704 4053 735 4105 et
762 4042 817 4124 qui
843 4042 994 4124 opinione
1020 4044 1143 4104 virtutis
1169 4056 1201 4105 et

250 4141 426 4204 eruditione
436 4143 597 4205 literarum
609 4143 749 4205 erexisse
761 4153 793 4205 et
805 4142 1008 4204 confirmasse
1020 4139 1202 4205 debueratis

247 4240 1200 4321 infirmiores‚0mnibusincommunemalumdedistisexem·

246 4343 346 4425 plnnr.
392 4344 546 4406 Verentur
561 4346 644 4406 enim
661 4343 768 4405 minus
790 4342 1023 4405 communicare
1046 4339 1199 4404 schisma·
