3034 5200
289 712 352 770 284
565 724 701 767 Joauurs
718 721 995 766 saansaamcusrs
1145 703 1190 777 [A.
1209 720 1243 763 u.

289 878 344 940 sed
360 876 386 937 is
402 878 562 959 praecipue
584 875 638 958 qui
654 873 694 935 de
710 885 794 938 terra
809 872 947 934 clamans
969 870 1009 933 ad
1035 871 1139 932 Deum
1165 869 1244 932 fide-

290 977 365 1040 lium
393 976 561 1039 devotione
584 975 727 1037 defertur
751 974 781 1035 in
806 975 987 1037 universum
1010 975 1128 1034 orbem.
1175 971 1242 1035 Sed

289 1078 473 1141 benedictus
501 1075 601 1154 Deus,
624 1075 809 1138 benedictus
835 1074 1031 1158 apostolatus
1059 1087 1158 1137 vester
1184 1073 1243 1158 qui

288 1199 344 1239 nos
359 1176 539 1240 consolatus
554 1188 601 1238 est
617 1174 818 1237 dominorum
833 1174 1037 1237 cardinalium
1054 1175 1158 1257 gratia
1178 1174 1242 1238 Dei

288 1289 477 1360 cooperante
499 1273 665 1352 industria,
688 1274 721 1335 in
746 1274 949 1338 tribulatione
972 1285 1089 1354 nostra,
1111 1286 1145 1336 ut
1169 1289 1243 1358 post

288 1376 451 1460 angustias
468 1376 548 1439 tanti
567 1374 724 1456 naufragii
741 1375 780 1437 ad
800 1373 916 1438 debitae
934 1374 1088 1437 libertatis
1110 1387 1241 1456 portum

288 1477 452 1540 accessisse
469 1477 615 1541 videatur
631 1476 771 1552 ecclesia,
787 1489 821 1538 ut
846 1475 1092 1538 abominationes
1116 1475 1242 1559 AEgyp-

289 1579 405 1641 tiorum
422 1581 493 1641 Deo
509 1601 566 1640 suo
579 1600 686 1639 secure
700 1577 801 1639 valeat
818 1577 989 1640 immolare.
1028 1578 1140 1661 Nuper
1155 1578 1241 1639 enim

288 1680 447 1742 emanavit
458 1680 499 1741 ab
514 1679 558 1740 eis
571 1679 754 1742 mandatum
773 1678 812 1740 de
824 1678 1019 1740 celebrandis
1034 1677 1242 1741 electionibus

289 1781 320 1842 in
338 1801 447 1862 regno,
465 1792 495 1842 et
513 1779 661 1842 dominus
677 1801 732 1840 rex
748 1800 859 1841 eorum
875 1778 1022 1862 precibus
1045 1778 1247 1862 acquiescens

289 1881 416 1943 idoneos
429 1879 459 1941 in
472 1878 610 1942 ecclesiis
622 1877 794 1941 secundum
810 1881 914 1941 Deum
932 1896 1073 1963 pastores
1089 1882 1242 1963 praecepit

287 1981 437 2044 ordinari.
483 1981 628 2045 Universi
641 1980 739 2044 laetati
752 1994 837 2053 sunt,
852 1981 905 2044 sed
919 2003 975 2044 nos
990 1983 1076 2044 omni
1087 1982 1162 2064 jure
1173 2005 1240 2065 prae

287 2082 420 2156 caeteris,
436 2081 491 2165 qui
512 2081 542 2142 in
567 2081 677 2164 majori
701 2080 879 2144 discrimine
896 2084 1108 2146 versabamur.
1156 2086 1241 2146 Con-

288 2183 431 2244 venimus
446 2205 520 2264 ergo
543 2181 658 2265 saepius
681 2181 788 2244 accitis
803 2183 957 2267 episcopis
980 2184 1240 2265 provincialibuS,

287 2297 319 2350 et
343 2283 410 2345 aliis
436 2282 476 2344 ad
504 2305 585 2366 quos
607 2282 718 2346 electio
745 2285 934 2368 pertinebat,
957 2300 989 2349 et
1015 2286 1141 2349 tandem
1170 2289 1242 2349 Deo

286 2384 443 2465 dirigente
465 2406 591 2468 gressus
614 2398 737 2447 nostros
758 2385 792 2446 in
816 2386 1014 2471 beneplacito
1037 2411 1096 2450 suo
1118 2388 1239 2450 facturn

238 2544 240 2548 .
286 2500 334 2550 est
351 2486 497 2550 omnibus
512 2509 565 2548 cor
582 2508 680 2548 unum
697 2502 728 2548 et
745 2488 850 2549 anima
869 2510 947 2550 una:
972 2488 1059 2572 quod
1076 2491 1142 2551 sine
1158 2501 1239 2551 nutu

286 2588 395 2653 divino
411 2611 471 2652 non
488 2588 593 2673 potuit
606 2588 765 2665 accidisse,
780 2606 814 2651 ut
832 2604 895 2652 tam
912 2589 1048 2652 dissonae
1062 2589 1242 2654 voluntates

287 2692 319 2754 in
345 2690 550 2776 adimplenda
572 2713 731 2753 sacrorum
755 2712 910 2753 canonum
934 2692 1036 2754 forma
1059 2707 1124 2755 tatu
1146 2692 1238 2754 facile

289 2794 461 2857 unirentur.
509 2794 678 2855 Praeeunte
694 2815 770 2876 ergo
785 2791 942 2855 desiderio
958 2806 988 2855 et
1005 2815 1097 2877 prere
1112 2794 1237 2878 populi,

288 2894 356 2980 pari
372 2908 458 2970 voto,
474 2891 614 2955 unanimi
630 2914 781 2954 consensu
798 2894 1001 2957 convenimus
1018 2897 1049 2956 in
1067 2894 1183 2970 virum,
1200 2894 1241 2957 de

288 3021 354 3082 quo
381 3000 539 3060 Dominus
561 2994 688 3057 videtur
710 2994 827 3057 dixisse
850 2996 958 3058 nobis:
999 2997 1063 3059 Hic
1085 3009 1132 3060 est
1155 2995 1240 3060 fitius

288 3121 376 3163 meus
402 3098 537 3161 dilectus
563 3097 594 3157 in
622 3120 687 3182 quo
713 3096 791 3159 mibi
819 3098 898 3159 bene
922 3098 1110 3183 complacui,
1133 3097 1238 3183 ipsum

287 3198 412 3280 eligite:
435 3198 583 3281 quoniam
608 3220 753 3259 mecum
783 3212 923 3283 martyre
949 3222 1030 3276 meo,
1054 3223 1149 3285 quem
1173 3200 1241 3285 ipse

287 3319 346 3383 pro
369 3319 418 3358 me
440 3297 612 3380 patientem
636 3301 666 3360 in
686 3299 818 3362 veritate
840 3299 965 3379 dilexit,
981 3301 1095 3364 devote
1117 3301 1236 3374 coluit3

286 3411 317 3461 et
332 3398 364 3459 in
380 3394 474 3458 domo
489 3417 559 3456 mea
574 3396 615 3457 ab
630 3398 759 3459 ineunte
772 3413 865 3461 aetate
881 3400 1017 3464 fideliter
1033 3416 1239 3465 conversatus

286 3513 345 3578 est,
368 3496 516 3585 praeelegi
540 3496 703 3573 vicarium,
725 3511 755 3561 et
779 3499 918 3561 ordinari
942 3503 1093 3584 praecipio
1116 3528 1238 3569 succes-

287 3626 398 3669 sorem.

333 3709 366 3770 Is
377 3720 425 3771 est
437 3708 477 3772 R.
493 3703 630 3768 ecclesiae
646 3717 762 3769 nostrae
778 3706 819 3769 ab
834 3704 1045 3770 adolescentia
1060 3730 1117 3771 sua
1134 3731 1241 3774 mona-

287 3810 377 3884 chus,
393 3819 425 3870 et
440 3805 524 3891 apud
541 3827 597 3869 nos
613 3804 652 3868 ad
676 3828 784 3870 omnes
807 3820 973 3891 promotus
994 3807 1133 3886 ordines,
1150 3812 1238 3895 prior

287 3908 467 3974 monasterii
483 3909 686 3982 Dovorensis‚
701 3931 824 3972 morum
837 3910 1001 3973 honestate
1013 3928 1044 3974 et
1056 3912 1236 3976 litterarum

286 4011 463 4076 eruditione
485 4008 684 4094 conspicuae,
709 4011 871 4074 modestus
897 4012 928 4073 in
953 4012 1061 4090 verbo,
1083 4013 1237 4098 providus

286 4119 318 4179 in
345 4112 492 4186 consiliis,
519 4110 674 4174 discretus
699 4111 730 4172 in
761 4136 867 4195 opere,
891 4112 922 4174 in
949 4113 1062 4177 habitu
1086 4128 1117 4178 et
1144 4130 1237 4200 gestu

287 4238 392 4278 veram
411 4213 577 4295 temperati
600 4213 696 4275 animi
712 4216 890 4298 exprimens
908 4214 1050 4281 formam.
1112 4218 1235 4281 Decen-

287 4318 405 4381 tissime
428 4315 598 4379 sacerdotis
617 4312 724 4398 explet
746 4316 899 4391 officium,
916 4316 1004 4380 zelus
1022 4319 1141 4382 Christi
1166 4342 1237 4382 suc-
