3034 5200
305 724 368 782 268
584 736 720 780 scaurus
735 733 1012 779 saansaanransrs
1161 716 1204 793 [A.
1222 734 1253 778 u.

302 908 383 971 quos
398 897 560 972 suspectos
576 884 752 959 habuerim,
769 896 938 969 antequam
955 882 996 946 de
1012 903 1109 966 regno
1123 893 1250 958 exeant,

299 989 409 1073 jurent
434 988 520 1072 quod
543 989 576 1051 in
603 986 715 1050 itinere
740 984 797 1048 illo
823 1008 879 1048 nec
905 985 1025 1047 malum
1053 1005 1172 1058 meum,
1197 1005 1253 1045 nec

304 1088 441 1153 dedecus
456 1089 543 1174 regni
561 1087 619 1151 mei
637 1086 835 1171 perquirent:
860 1099 891 1150 et
907 1084 993 1171 quod
1010 1084 1255 1148 consuetudines

304 1212 376 1274 quae
392 1202 533 1274 tempore
548 1211 618 1252 meo
633 1200 742 1251 contra
753 1187 897 1250 ecclesias
913 1199 1007 1249 terrae
1021 1208 1099 1249 meae
1114 1184 1254 1248 inductae

304 1302 377 1353 sunt
400 1289 580 1354 dimittam:
610 1311 689 1373 quas
711 1286 840 1370 quidem
864 1298 921 1350 aut
943 1307 1061 1370 paucas
1078 1297 1134 1348 aut
1150 1284 1254 1347 nullas

306 1391 447 1456 aestimo:
477 1404 509 1455 ct
532 1389 620 1473 quod
644 1387 852 1473 possessiones
871 1389 964 1450 Cant.
979 1385 1117 1448 ecclesia
1138 1384 1163 1448 si
1183 1408 1255 1470 quae

301 1471 420 1556 lablatae
442 1509 515 1556 sunt
536 1491 627 1578 plene
650 1490 826 1565 restituam,
850 1489 930 1552 sicut
953 1487 1067 1551 habuit
1090 1509 1153 1550 uno
1171 1509 1254 1549 anno

304 1606 473 1677 antequam
486 1592 741 1673 archiepiscopus
753 1588 793 1651 de.
805 1588 921 1672 Augila
932 1587 1145 1670 egrederetur.
1183 1586 1255 1652 Cle-

304 1691 375 1754 ricis
392 1706 543 1775 praeterea
565 1702 596 1753 et
613 1688 698 1751 laicis
719 1688 886 1774 utriusque
909 1711 1003 1752 sexus
1024 1708 1133 1772 pacem
1152 1708 1253 1749 meam

302 1805 334 1858 et
350 1792 556 1880 possessiones
568 1814 641 1855 suas
655 1790 832 1866 restituam,
845 1790 898 1875 qui
915 1790 1074 1853 occasione
1086 1788 1255 1875 praenomi-

303 1895 369 1958 nati
384 1893 610 1978 archiepiscopi
626 1892 772 1957 destituti
795 1892 937 1956 fuerunt.
984 1894 1028 1956 Et
1044 1892 1104 1955 hoc
1120 1891 1197 1954 mihi
1212 1914 1252 1953 ex

302 2007 392 2077 parte
417 1994 536 2058 domini
562 2016 655 2080 papae
680 1993 947 2057 inremissionem
975 1993 1117 2056 omnium
1143 2015 1252 2075 pecca-

303 2109 407 2159 torum
430 2093 638 2177 injunxerunt
661 2091 904 2155 observandum.
949 2094 1022 2175 Ego
1045 2104 1152 2154 autem
1177 2112 1253 2174 pace

300 2193 471 2256 reformata
504 2192 612 2254 statim
642 2193 672 2252 in
709 2187 860 2272 Angliam
892 2190 1056 2269 venissem,
1085 2189 1143 2253 nisi
1179 2189 1254 2273 quia

303 2290 738 2376 Dominilegaticolloquium
748 2288 1254 2375 habiturisuntapudCadomum

302 2391 353 2455 die
365 2392 480 2456 Martis
494 2391 640 2478 proxima
655 2404 727 2476 post
742 2392 951 2454 ascensionem
970 2391 1108 2455 Domini.
1127 2463 1130 2467 ⁴
1143 2392 1250 2468 Quum

300 2507 405 2557 autem
422 2492 555 2572 rediero,
572 2515 627 2555 vos
643 2490 719 2553 mihi
737 2491 844 2554 statim
865 2512 1029 2554 occurrere
1044 2513 1106 2554 non
1121 2503 1253 2575 praeter-

303 2593 445 2660 mittatis.

326 2870 466 2933 EPIST.
490 2868 1093 2933 CCCX.-naarrrononu1axon.nu
1109 2884 1231 2930 acuatu

350 2990 492 3034 wrcoan.
510 2989 552 3032 nu
566 2989 797 3033 arumnorum
812 2990 932 3034 aaran.
980 2971 1024 3051 [a.
1035 2989 1065 3032 n.
1087 2969 1192 3047 ll7l.]

303 3162 512 3227 Sanctissimo
527 3164 665 3226 Domino
681 3170 711 3225 et
725 3163 823 3226 Pau-t
837 3167 1003 3228 carissimo
1018 3164 1057 3227 A.
1068 3164 1133 3228 Det
1143 3168 1254 3245 gratio

343 3285 463 3326 aramma
488 3266 640 3345 Pontficc'
665 3266 706 3327 B.
732 3266 844 3331 Ecca.
874 3275 905 3329 et
935 3269 974 3329 R.
1013 3268 1149 3350 Wiqora.
1176 3268 1255 3331 dicti

345 3366 509 3443 Episcopi,
525 3372 555 3425 et
576 3366 609 3427 C.
626 3366 729 3428 dictur
749 3365 854 3431 Atlas
869 3368 1095 3431 Funereamen.
1117 3372 1254 3433 salutm

343 3472 372 3526 et
386 3484 507 3525 omnem
518 3484 591 3525 cum
605 3487 731 3528 summu
746 3469 904 3531 deuotione
916 3470 1132 3532 obedientium.

342 3606 580 3667 Auosrunnuus
598 3604 694 3666 vestri
716 3606 902 3672 mandatum
926 3606 1134 3692 suscepimus,
1150 3619 1188 3670 ut
1210 3608 1250 3670 ad

304 3703 527 3767 monasterium
556 3704 656 3768 sancti
679 3706 852 3790 Augustini
876 3706 1113 3773 cantuariensis
1135 3707 1253 3792 pariter

300 3802 483 3867 accedentes
494 3804 662 3888 diligenter
673 3805 916 3892 inquireremus,
927 3830 966 3870 an
979 3829 1051 3869 vera
1062 3821 1166 3871 essent
1178 3831 1253 3893 quae

300 3904 341 3967 de
364 3903 590 3989 dilapidatione
613 3905 769 3968 bonorum
791 3907 939 3982 ecclesiae,
956 3921 988 3971 et
1010 3908 1253 3973 enormitatibus

303 4008 339 4071 C.
355 4005 456 4079 electi,
473 4019 504 4068 et
521 4005 725 4069 dissolutione
741 4006 871 4082 ordinis,
886 4019 919 4069 et
938 4007 1141 4073 subversione
1156 4012 1253 4074 bona-

301 4129 371 4169 rum
389 4105 667 4181 consuetudinum,
684 4119 714 4170 et
738 4104 807 4168 aliis
829 4106 920 4170 malis
942 4131 1015 4192 quae
1037 4132 1077 4173 ex
1100 4133 1253 4196 conques·

301 4206 385 4269 tione
414 4220 588 4270 conventus
625 4229 682 4290 per
717 4207 859 4293 ejusdem
895 4209 985 4276 electi
1021 4212 1175 4277 incuriam
1206 4212 1255 4276 vel

300 4307 449 4371 malitiam
466 4307 646 4392 provenisse
661 4308 844 4386 audieratis,
859 4324 890 4375 et
908 4314 1132 4379 monasterium
1148 4314 1253 4399 ipsum
