3034 5200
310 700 352 772 92
580 725 716 769 Joannrs
731 718 1006 770 saansaanrnnsrs
1167 704 1212 785 [a.
1232 722 1264 773 1)ss

309 863 430 941 niensis
445 895 540 958 quem
555 865 816 960 archiepiscopus
828 870 1141 942 excommunicatum
1152 881 1261 956 habet,
1310 865 1336 891 ”

310 991 342 1043 et
364 977 581 1041 cardinalibus
603 977 855 1054 denuntiaverat,
877 979 1037 1059 legatione
1062 978 1262 1061 fungebatur,

315 1093 347 1142 et
359 1080 433 1164 quia
445 1078 757 1142 communicaverant
772 1079 1060 1142 excommunicatis
1071 1080 1151 1162 ejus,
1163 1084 1222 1144 etsi
1232 1083 1265 1145 in

310 1180 455 1245 fraudem
470 1179 638 1263 apostolici
653 1178 795 1242 mandati
810 1178 991 1242 riderentur
1005 1180 1110 1242 minus
1125 1183 1263 1263 pruden-

311 1285 399 1346 tibus
421 1281 568 1346 absoluti.
608 1281 682 1344 Hoc
706 1280 790 1342 enim
808 1280 937 1343 tandem
960 1288 993 1343 et
1014 1291 1134 1345 tanturn
1156 1282 1263 1346 indul·
1350 1308 1356 1319 ·

312 1366 396 1449 serat
418 1383 566 1447 dominus
585 1403 681 1465 papa,
702 1391 737 1444 ut
757 1382 785 1444 si
805 1392 912 1444 essent
929 1383 964 1444 in
986 1383 1129 1465 periculo
1152 1384 1263 1447 mortis

310 1473 557 1561 absolverentur,
572 1481 724 1566 praestitio
740 1494 813 1546 ante
828 1482 1022 1566 juramento,
1037 1485 1126 1568 quod
1140 1490 1259 1549 starent

312 1587 434 1652 domini
449 1608 542 1671 papae
565 1584 716 1649 mandato
732 1585 759 1647 si
781 1586 1048 1649 convalescerent.
1085 1588 1138 1651 Illi
1158 1599 1262 1651 autem

312 1690 497 1753 simulantes
526 1709 559 1749 se
585 1687 618 1748 in
647 1687 757 1749 mortis
782 1687 924 1769 periculo
953 1688 1156 1764 constitutos,
1188 1691 1264 1772 quia

311 1790 478 1872 oportebat
492 1808 547 1848 eos
559 1807 598 1847 ex
615 1784 767 1848 mandato
783 1785 904 1849 domini
919 1788 1005 1870 regis
1019 1811 1104 1853 nunc
1118 1792 1263 1853 transfre-

311 1903 386 1967 tare,
396 1892 486 1952 'nunc
501 1887 536 1950 in
557 1887 706 1949 Walliam
722 1887 896 1970 proficisci,
912 1911 931 1952 a
946 1890 1084 1973 quodam
1107 1891 1260 1974 episcopo

314 1991 470 2056 Wallensi
502 1989 666 2073 utriusque
694 1987 777 2072 juris
807 2012 935 2073 prorsus
965 2005 1021 2055 aut
1048 1993 1112 2054 fere
1140 1994 1261 2074 ignem,

312 2091 505 2157 Lanalvensi
520 2090 651 2168 scilicet,
668 2090 725 2172 qui
739 2091 964 2155 monasterium
979 2092 1259 2168 Abendonensem,

309 2206 420 2280 utpote
455 2192 676 2277 quaestuosius,
705 2214 763 2276 pro
799 2195 986 2280 episcopatu
1021 2206 1184 2278 receperat
1218 2195 1259 2259 de

311 2316 410 2359 manu
423 2293 515 2374 regis,
529 2291 764 2355 absolutionem
792 2294 1047 2377 impetraverunt.
1091 2296 1146 2369 Et,
1163 2316 1203 2358 ue
1219 2295 1259 2358 de

311 2395 462 2461 mandato
478 2391 599 2455 domini
614 2413 707 2475 papae
723 2394 824 2475 possit
837 2394 969 2476 ambigi,
978 2396 1098 2459 litteras
1113 2397 1261 2480 apostoli-

310 2519 364 2562 cas
379 2495 465 2559 misit
479 2492 741 2577 archiepiscopus
755 2495 880 2576 legatis,
893 2497 1010 2579 quibus
1022 2496 1165 2562 districte
1180 2519 1262 2582 prae·

310 2596 473 2684 cipiantur
491 2593 563 2657 illos
585 2593 630 2657 sie
653 2595 819 2661 absolutos
841 2618 995 2680 reponere
1015 2600 1051 2660 in
1072 2600 1261 2663 anteriorem

308 2695 647 2765 excommunicationis
667 2696 865 2771 sententiam,
887 2697 948 2758 nisi
970 2699 1191 2780 possessiones
1213 2721 1261 2762 ar-

308 2796 510 2883 chiepiscopi
524 2804 556 2858 et
570 2816 698 2858 suorum
710 2805 742 2858 et
756 2796 863 2857 omnia
877 2795 981 2857 ablata
996 2816 1070 2858 cum
1080 2796 1260 2878 integritate

306 2901 480 2975 restituant,
496 2897 613 2959 nullius
628 2896 852 2978 appellationis
866 2894 1031 2958 obstaculo
1048 2898 1259 2978 apostolicum

307 3002 369 3064 hoc
378 2998 572 3081 impediente
584 2996 779 3060 mandatum.
801 2997 1004 3079 Receperant
1019 3009 1050 3060 et
1061 2998 1139 3060 alias
1149 2998 1258 3063 literas

308 3113 390 3180 ante,
407 3101 524 3183 quibus
541 3100 624 3183 jussi
640 3109 714 3162 sunt
729 3121 858 3182 operam
873 3098 948 3162 dare
963 3109 999 3162 ut
1012 3121 1079 3183 pax
1101 3101 1147 3164 sic
1163 3103 1262 3166 refor-

307 3213 408 3269 metur
422 3202 505 3264 inter
519 3221 619 3281 reges,
635 3221 675 3263 ne
697 3200 737 3261 de
752 3199 799 3261 eis
820 3200 970 3262 alteruter
990 3201 1079 3282 queri
1102 3202 1214 3285 possit,
1229 3213 1262 3267 et

306 3301 515 3389 prohibentur
537 3300 683 3380 Angliam
706 3299 843 3379 ingredi,
863 3302 912 3362 vel
936 3321 970 3362 se
993 3301 1199 3365 intromittere
1221 3302 1261 3365 de

305 3405 443 3487 negotiis
457 3401 558 3482 regni,
572 3398 635 3460 nisi
649 3399 735 3480 prius
757 3420 823 3481 pax
846 3399 1032 3480 plenissima
1047 3400 1138 3463 Cant.
1156 3402 1258 3464 archi·

307 3507 462 3589 episcopo
476 3501 571 3565 fuerit
585 3500 762 3562 reformata.

307 3631 313 3639 ⁴
350 3607 455 3679 Quum
472 3624 544 3667 vero
560 3601 657 3686 episc.
670 3623 727 3664 suo
743 3610 776 3665 et
786 3600 876 3683 regni
887 3602 1017 3665 nomine
1030 3605 1256 3685 appellassent,

308 3706 440 3790 quidam
455 3704 589 3767 clericus
609 3702 764 3765 Gaufredi
785 3701 1025 3767 Cantuariensis
1043 3706 1259 3770 archidiaconi

308 3808 375 3868 vice
407 3803 528 3865 domini
553 3805 602 3866 sui
632 3803 823 3886 appellarit:
857 3817 889 3867 et
918 3826 1001 3868 unus
1030 3808 1258 3870 monachorum

308 3903 582 3972 Cantuariensium
598 3925 664 3966 non
685 3904 725 3967 ad
742 3905 804 3968 hoc
820 3918 925 3970 tamen
947 3908 1062 3971 missus
1077 3929 1096 3969 a
1110 3909 1259 3970 fratribus

308 4010 384 4084 suis,
400 4003 457 4068 sed
471 4013 506 4065 ut
527 4004 610 4083 regis
625 4006 794 4069 clementia
814 4008 1006 4091 imploraret,
1020 4029 1061 4069 ne
1083 4008 1258 4073 scelerosus

305 4113 360 4175 ille
376 4103 588 4186 Randulphus
609 4104 649 4165 de
667 4106 750 4167 Broc
767 4106 801 4168 in
816 4129 866 4170 res
880 4108 1117 4185 monachorum,
1132 4119 1258 4172 mortuo

307 4213 421 4296 priore,
449 4226 576 4268 manum
613 4218 720 4287 posset
755 4208 937 4270 extendere.
987 4207 1258 4292 Archiepiscopus

306 4322 411 4373 autem
423 4306 583 4389 rescripsit
594 4304 808 4368 cardinalibus
819 4328 853 4369 se
866 4308 945 4370 scire
961 4319 992 4370 et
1006 4308 1078 4374 illos
1087 4330 1150 4372 non
1167 4312 1174 4372 i
1179 4332 1258 4392 gno-
