3034 5200
296 691 404 771 llas]
675 715 857 760 anscote.
1191 710 1249 768 117

293 864 362 928 haec
386 864 509 930 domini
530 867 615 947 regis
637 868 819 948 benignitas
841 872 982 933 revocari
1003 883 1035 935 et
1056 876 1194 938 ecclesia
1215 877 1247 939 in

294 965 480 1031 anteriorem
517 968 616 1032 immo
653 969 845 1034 deteriorem
882 972 1003 1034 retrudi
1040 977 1247 1040 servitutem?

294 1069 374 1142 Quis
399 1071 485 1132 enim
510 1069 640 1134 auderet
666 1069 706 1133 de
736 1083 851 1135 caetero
876 1075 1071 1155 proclamare
1092 1077 1126 1139 in
1151 1078 1247 1141 liber·

292 1173 412 1233 tatem?
451 1172 532 1242 Quis
561 1193 693 1235 causam
719 1174 871 1236 suscitare
895 1173 928 1235 in
956 1196 1021 1257 qua
1044 1189 1077 1238 et
1099 1198 1158 1259 pro
1184 1201 1248 1262 qua

293 1273 491 1337 meminisset
520 1284 644 1336 tantum
670 1275 827 1337 cecidisse
856 1275 1064 1358 pontificem?
1102 1280 1176 1344 Alia
1199 1291 1248 1345 est

296 1397 372 1455 ergo
389 1375 560 1459 quaerenda
575 1376 626 1438 vie
639 1377 813 1439 libertatis:
838 1375 924 1439 aliud
945 1375 1115 1442 consilium
1131 1384 1248 1464 poterit

293 1479 405 1542 amicis
428 1479 593 1541 intimare:
628 1478 710 1541 etsi
737 1478 804 1540 vult
828 1479 968 1562 experiri
992 1480 1029 1542 in
1054 1503 1088 1544 se
1110 1483 1182 1565 ipso
1206 1505 1247 1546 an

293 1579 440 1644 ecclesiae
456 1590 489 1643 et
504 1581 710 1664 episcopatus
733 1579 783 1641 sui
800 1578 846 1642 sic
863 1580 964 1663 possit
986 1581 1139 1646 redimere
1154 1586 1248 1648 liber·

293 1690 412 1742 tatem:
443 1680 519 1763 quia
541 1689 636 1763 prout
658 1701 677 1743 a
696 1679 983 1745 Cantuariensibus
1009 1683 1121 1758 didici,
1147 1687 1249 1749 archi·

294 1782 466 1864 episcopus
480 1779 557 1843 huic
573 1781 709 1844 consilio
724 1803 790 1843 non
811 1783 1004 1864 acquiescet,
1019 1804 1125 1867 neque
1141 1786 1250 1868 aliqua

265 1927 267 1933 ,
293 1883 504 1966 promissione
540 1904 575 1946 se
613 1882 721 1945 deludi
755 1882 907 1965 patietur,
936 1895 972 1946 ut
1001 1897 1055 1948 aut
1091 1900 1249 1969 permutet

293 1987 526 2069 episcopatum,
549 1985 633 2047 sicut
657 1984 756 2068 aliqui
779 1984 961 2061 moliuntur,
988 1997 1043 2049 aut
1074 1985 1207 2051 desistat
1229 2012 1249 2052 a

291 2089 540 2173 persequutione
555 2086 638 2169 juris
654 2087 714 2163 sni,
729 2097 786 2149 aut
805 2107 919 2168 pacem
935 2086 1030 2150 saciat
1045 2092 1248 2155 manentibus

293 2191 578 2254 consuetudinibus
600 2210 698 2272 super
721 2189 839 2272 quibus
863 2191 1078 2253 controversia
1099 2206 1168 2256 orta
1189 2206 1249 2257 est.

293 2293 376 2356 Haec
398 2293 520 2355 idcirco
548 2290 606 2353 tibi
630 2290 826 2373 transcripsi,
851 2301 897 2365 ut,
923 2289 951 2353 si
977 2294 1247 2374 opportunitatem

292 2394 419 2472 rideris,
430 2392 626 2477 persuadeas
641 2403 813 2454 memorato
827 2391 957 2454 domino
969 2403 1078 2456 nostin
1090 2406 1122 2457 et
1133 2395 1249 2474 amico,

294 2505 329 2557 ut
344 2495 370 2557 si
386 2495 416 2558 ei
430 2516 480 2558 res
494 2494 575 2557 tanti
598 2504 656 2571 est,
670 2496 754 2555 hanc
780 2493 999 2576 suspicionem
1022 2515 1159 2577 purgare
1181 2518 1249 2559 non

293 2596 443 2679 negligat.
498 2597 619 2659 Omnes
652 2593 738 2657 enim
769 2594 824 2678 qui
859 2616 987 2658 mecum
1016 2600 1149 2661 verbum
1184 2600 1248 2662 boc

293 2698 464 2762 audierunt
479 2697 639 2780 compassi
655 2708 729 2759 sunt
743 2710 818 2759 ante
834 2709 914 2758 actae
929 2696 1001 2759 vitae
1017 2696 1085 2779 ejus
1100 2711 1132 2761 et
1147 2700 1247 2762 famae.

292 2803 367 2886 lpse
394 2824 468 2865 vero
498 2799 738 2864 cantuariensis
768 2808 933 2861 narrantes
961 2798 1112 2872 inhibuit,
1137 2797 1248 2862 dicens

290 2904 469 2967 rumoribus
481 2902 569 2966 credi
579 2922 645 2964 non
655 2912 810 2984 oportere,
822 2900 996 2982 praesertim
1009 2920 1107 2982 quum
1117 2900 1248 2963 verbum

292 3016 382 3069 tanto
405 3006 445 3067 sit
466 3004 636 3083 indignum
651 3003 730 3065 viro.
777 3002 854 3065 Scio
874 3011 981 3063 tamen
1003 3000 1090 3084 quod
1104 3001 1248 3084 aliquan-

292 3109 395 3171 tulum
417 3116 524 3168 motus
546 3106 614 3179 suit,
630 3104 686 3167 sed
709 3116 744 3166 ut
766 3103 863 3165 homo
885 3103 1026 3185 prudens
1048 3104 1148 3184 gessit
1168 3115 1248 3167 tem·

292 3205 363 3290 pori
378 3227 507 3268 morem.
552 3205 686 3268 Videbis
701 3226 744 3267 ex
759 3204 911 3287 rescripto
931 3204 1103 3266 litterarum
1125 3205 1249 3269 domini

292 3308 490 3394 papae,unde
499 3315 574 3389 post
582 3308 846 3371 comminationes
857 3307 973 3369 multas
984 3306 1248 3392 archiepiscopus

291 3411 397 3479 Lund.
428 3411 613 3494 episcopum
643 3407 883 3472 denunciaverit
909 3410 1243 3476 excommunicatum:

289 3529 322 3581 et
345 3535 442 3601 qnare
465 3513 536 3574 illos
559 3532 640 3594 quos
663 3510 835 3592 episcopus
858 3509 961 3572 sancti
976 3509 1088 3590 Asaph
1110 3510 1245 3574 circum·

290 3630 402 3682 ventus
415 3613 630 3698 imprudenter
645 3612 783 3675 absolvit
804 3609 1102 3673 excommunicatos
1118 3611 1246 3689 habeat,

290 3722 393 3784 donec
418 3716 515 3801 juxta
543 3713 729 3776 mandatum
760 3712 883 3775 domini
917 3731 1010 3794 papae
1040 3710 1244 3776 satisfitciant.

288 3824 334 3885 Et
356 3820 432 3904 quia
453 3815 632 3880 cardinales
655 3814 718 3896 ipsi
740 3814 823 3875 fines
849 3811 991 3875 mandati
1014 3811 1245 3888 dignoscuntur

289 3921 475 3997 excessisse,
493 3917 661 3980 consilium
682 3936 792 3978 eorum
808 3914 848 3977 de
862 3914 985 3997 reliquo
1002 3913 1109 3976 minus
1125 3915 1241 3976 audiet.

289 4026 374 4089 Nam
398 4019 569 4106 judicandi
599 4018 639 4081 de
671 4039 723 4094 eo,
751 4017 815 4080 nisi
839 4017 925 4091 velit,
952 4038 1018 4079 non
1048 4025 1243 4092 acceperunt

289 4128 427 4209 aliquam
442 4133 639 4207 potestatem.
685 4118 781 4191 Quod
801 4119 1044 4199 Wigornensem
1059 4110 1146 4172 volui
1161 4133 1243 4193 prae·

288 4222 537 4306 muniri,prodiit
548 4243 591 4284 ex
599 4220 693 4303 adipe
702 4218 843 4281 caritatis
852 4232 884 4279 et
892 4217 1017 4299 quoties
1026 4219 1243 4293 opportunum

289 4326 392 4402 suerit,
406 4324 519 4388 honori
535 4324 604 4406 ejus
616 4323 756 4385 libenter
771 4339 899 4400 operam
914 4314 1010 4378 dabo.
