3034 5200
281 724 301 779 2
548 728 684 774 roannrs
700 728 977 773 sanasesnrnrvsrs
1145 712 1188 790 [A.
1206 730 1235 773 n.

285 885 358 949 tatis
373 893 483 947 vestra
500 892 532 945 et
547 880 750 946 discretionis
772 903 952 960 censuram,
971 904 1068 967 quam
1086 881 1238 945 adversus

285 987 449 1070 improbos
458 1005 561 1047 mores
570 983 737 1047 exercetis.
768 983 833 1048 Sed
845 983 976 1049 attendo
986 983 1074 1069 quod
1084 982 1239 1066 scriptum

287 1098 353 1150 est:
381 1085 497 1170 Capite
518 1085 744 1166 languescente
767 1095 882 1150 caetera
902 1086 1046 1149 membra
1066 1083 1242 1147 redduntur

284 1189 446 1272 languida.
497 1186 638 1250 Attendo
669 1189 888 1271 suffraganeos
913 1200 1037 1252 vestros
1066 1187 1123 1271 qui
1152 1186 1238 1250 defe-

244 1373 248 1381 ‚
287 1302 399 1355 cerrmt
427 1291 462 1352 in
493 1289 544 1353 die
568 1288 657 1363 belli,
683 1289 783 1354 immo
813 1300 983 1353 erexerunt
1007 1291 1163 1354 cervicem
1189 1288 1236 1350 in-

286 1391 489 1465 obedientiae,
501 1401 534 1454 et
549 1411 582 1453 se
599 1389 796 1455 adversarios
811 1402 997 1456 statuemnt.
1041 1390 1129 1464 Quid
1143 1390 1240 1473 igitur

286 1495 372 1557 solus
395 1494 502 1572 faciet,
523 1494 579 1577 qui
600 1514 667 1556 non
689 1493 789 1558 habet
811 1494 1041 1572 sublevantem,
1055 1513 1161 1577 neque
1183 1513 1238 1554 co·

286 1593 506 1678 operatorem?
546 1593 581 1656 Si
608 1603 713 1657 tamen
739 1595 900 1658 Dominus
928 1614 987 1678 pro
1014 1592 1119 1670 nobis,
1142 1613 1238 1656 nemo

285 1695 433 1778 proficiet
455 1704 566 1758 contra
591 1714 658 1756 vos.
703 1695 780 1776 lpse
804 1695 889 1758 enim
912 1693 1097 1776 reprobabit
1118 1694 1238 1775 cogita·

286 1795 391 1858 tiones
406 1806 439 1857 et
453 1793 708 1857 machinationes
718 1793 855 1876 injustas
870 1795 1093 1876 episcoporum
1105 1795 1240 1876 Angliae,

285 1906 317 1959 et
332 1895 503 1980 dissipabit
518 1893 653 1958 consilia
668 1893 833 1977 principis.

328 1995 466 2078 Scripsit
502 2005 607 2057 autem
637 2013 696 2055 rex
725 1992 851 2073 Angliae
880 1992 1011 2056 domino
1041 1993 1238 2072 Coloniensi,

285 2096 463 2161 Henricum
500 2095 653 2158 Pisanum
688 2103 719 2156 et
749 2093 947 2157 Willelmum
987 2095 1174 2177 Papiensem
1204 2095 1238 2156 in

286 2198 452 2262 Franciam
469 2207 620 2260 venturos
635 2195 676 2260 ad
696 2217 796 2259 novas
812 2196 998 2260 exactiones
1012 2195 1187 2274 faciendae,
1202 2207 1239 2258 ut

284 2298 429 2382 undique
450 2298 620 2362 corradant
643 2308 676 2360 et
698 2296 901 2375 contrahant,
923 2296 1008 2361 unde
1032 2319 1118 2381 papa
1138 2299 1236 2362 Alex·

285 2397 384 2461 ander
398 2398 432 2459 in
448 2399 526 2460 urbe
544 2407 747 2460 sustentetur.
793 2396 892 2472 Alter,
906 2406 943 2460 ut
963 2399 1076 2478 nostis,
1091 2398 1171 2462 levis
1187 2408 1237 2462 est

283 2512 317 2565 et
338 2500 511 2576 mutabilis,
535 2501 615 2562 alter
640 2498 772 2561 dolosus
793 2509 827 2562 et
851 2498 1082 2578 fraudulentus,
1103 2511 1236 2583 uterque

282 2602 421 2685 cupidus
443 2611 476 2665 et
497 2622 627 2666 avarus:
656 2609 688 2665 et
710 2601 784 2666 ideo
808 2601 848 2665 dc
866 2602 955 2665 facili
977 2624 1110 2667 munera
1129 2624 1234 2667 coeca·

281 2709 364 2771 bunt
377 2726 445 2783 eos,
459 2715 492 2768 et
506 2704 548 2767 ad
562 2725 691 2766 omnem
702 2703 891 2787 injustitiam
904 2704 1126 2769 incurvabunt.
1172 2707 1237 2768 Au·

282 2808 350 2871 dito
373 2828 480 2870 eorum
508 2805 698 2868 detestando
724 2804 874 2883 adventu,
897 2807 1003 2869 statim
1030 2807 1235 2871 vehementer

281 2909 449 2972 formidare
479 2909 564 2991 coepi
594 2908 796 2991 praesentiam
832 2929 942 2970 eorum
973 2930 1094 2972 caussae
1123 2921 1234 2974 vestrae

281 3011 413 3073 multum
434 3010 632 3072 nocituram:
657 3018 691 3071 et
710 3030 752 3073 ne
775 3021 879 3072 vestro
901 3031 940 3073 ac
965 3020 1137 3074 vestrorum
1161 3034 1234 3076 san·

258 3141 260 3145 ⁷
282 3110 377 3193 guina
394 3109 526 3191 gratiam
540 3110 623 3190 regis
639 3110 764 3191 Angliae
786 3109 939 3176 redimere
953 3134 1018 3174 non
1033 3114 1235 3177 erubescant.

281 3213 357 3277 Hoc
377 3212 486 3294 itaque
501 3210 647 3283 consulo,
663 3220 700 3273 ut
719 3231 779 3294 per
796 3232 902 3291 regem
920 3214 1113 3278 Francorum
1129 3226 1163 3279 et
1176 3236 1235 3299 per

282 3312 506 3377 cistertienses
528 3308 614 3375 circa
633 3312 720 3374 hunc
743 3312 911 3375 articulum
930 3314 974 3375 ita
993 3318 1234 3397 praeveniantur,

281 3425 327 3492 ut,
343 3412 468 3477 etiamsi
483 3412 594 3490 velint,
609 3412 642 3475 in
664 3412 725 3476 hac
748 3421 838 3496 parte
852 3434 919 3475 non
940 3415 1067 3497 possint
1086 3437 1235 3499 perverse

280 3538 386 3598 agere.
430 3514 595 3579 Confidite
616 3525 723 3578 tamon
747 3515 781 3577 in
800 3514 926 3599 justitia
949 3530 1070 3581 vestra:
1094 3529 1127 3582 et
1145 3520 1233 3581 bone

280 3617 362 3681 fides
375 3618 410 3681 in
425 3638 482 3703 spe
504 3625 591 3680 certa
606 3637 663 3680 vos
678 3617 793 3679 foveat
838 3617 928 3701 Papa
948 3618 1035 3681 enim
1050 3620 1235 3685 Alexander

279 3717 497 3783 indubitanter
515 3716 652 3781 obtinet·
700 3717 799 3781 Filius
818 3718 904 3782 enim
926 3718 1036 3799 Siculi,
1052 3720 1085 3783 in
1101 3729 1233 3805 paterno

281 3840 380 3900 regno
396 3819 615 3896 confirmatus,
628 3817 658 3881 ei
674 3818 717 3881 ad
731 3840 859 3883 omnem
881 3831 992 3884 nutum
1008 3822 1143 3886 assistet
1187 3824 1234 3887 Et

279 3920 422 3987 vindicta
442 3922 507 3985 Dei
528 3920 696 3985 manifeste
720 3919 852 3985 desaevit
865 3921 901 3985 in
920 3923 1027 3986 medio
1048 3923 1232 4015 principum

281 4023 491 4088 Alemanniae.
536 4022 807 4107 conspiraverunt
828 4045 915 4087 nuno
937 4026 1029 4089 multi
1049 4026 1232 4111 principum

278 4135 389 4190 contra
402 4122 514 4188 ducem
529 4123 691 4187 Saxoniae.
721 4123 818 4195 Quod
832 4133 940 4188 tamen
956 4124 1128 4209 imperator
1141 4128 1230 4211 paci·

279 4221 377 4289 ficare
391 4220 564 4288 contendit.
608 4222 812 4287 coloniensis
823 4224 919 4287 etiam
933 4223 967 4286 in
982 4235 1105 4307 partem
1119 4227 1230 4292 adver-

278 4324 429 4389 sariorum
452 4324 548 4403 cedit,
563 4322 718 4389 deficiens
733 4345 752 4387 a
767 4324 931 4403 societate,
948 4348 1042 4410 quam
1058 4350 1131 4393 cum
1147 4328 1231 4395 duce
1293 4408 1298 4420 .
