3034 5200
306 689 348 748 70
572 701 709 747 rasurus
723 699 999 747 sanssnnmnusrs
1165 687 1209 766 [a
1225 705 1257 750 n.

309 853 480 917 veniebant
501 852 536 915 in
558 873 597 915 ea
618 851 820 935 plenitudino
841 855 1019 936 potestatis,
1041 865 1076 920 ut
1098 855 1258 937 abrogatis

305 955 359 1018 bis
374 975 446 1037 quae
461 974 547 1018 nunc
563 952 681 1033 vigent,
696 943 825 1036 possint
834 976 917 1018 nova
931 955 1070 1020 condere
1079 957 1163 1040 jura.

350 1052 448 1116 Proui
470 1060 560 1115 erant
581 1051 729 1115 homines
751 1053 793 1116 ad
818 1052 1023 1133 credendum,
1043 1054 1188 1119 videntes
1209 1078 1259 1120 as-

307 1153 436 1218 sertoris
467 1155 621 1218 annulum
651 1162 683 1217 et
711 1155 876 1233 honorem,
902 1166 935 1219 et
960 1157 1047 1239 quia,
1073 1158 1259 1221 convocatis

307 1253 470 1336 episcopis
498 1254 532 1317 iu
563 1252 703 1317 adventu
732 1254 803 1338 ejus
837 1257 1109 1321 excommunicati
1137 1256 1258 1320 domini

307 1354 545 1425 cantuariensis
570 1356 709 1419 absoluti
734 1366 808 1420 sunt
837 1357 1078 1440 impoenitontes
1102 1367 1134 1421 et
1155 1358 1259 1441 ipsius

305 1466 468 1524 evacuatae
483 1457 661 1521 sententiar.
681 1459 733 1522 De
747 1458 831 1522 facto
845 1459 977 1541 inquam
992 1459 1140 1523 absoluti.
1164 1458 1257 1523 Certe

306 1558 413 1623 adhuc
428 1557 519 1638 ligati
533 1568 608 1620 sunt
623 1567 696 1622 ante
713 1561 825 1623 oculos
841 1560 985 1640 Domini,
1001 1560 1057 1644 qui
1072 1560 1258 1624 criminosos

307 1661 547 1743 impoenitentes
580 1680 748 1743 nunquam
784 1661 932 1724 absolvit.
988 1661 1123 1726 Constat
1154 1673 1260 1725 autern

308 1762 348 1826 de
363 1760 597 1844 impoenitentia
616 1761 691 1844 quia
705 1783 767 1825 nec
790 1763 991 1826 satisfaciunt
1011 1785 1110 1846 quum
1125 1765 1260 1846 possint,

307 1885 368 1929 nea
395 1859 515 1945 aliquid
539 1862 711 1925 restituunt
740 1864 928 1926 ablatorum.
982 1864 1130 1928 Profecto
1157 1866 1185 1928 si
1210 1885 1260 1928 res

308 1962 422 2030 ablata
443 1963 534 2026 reddi
568 1972 688 2045 potest,
716 1975 751 2026 et
780 1984 848 2026 non
878 1962 1031 2042 redditur,
1059 1985 1126 2027 non
1156 1966 1261 2046 agitur

306 2064 506 2149 poenitentia,
521 2064 579 2127 sed
597 2063 735 2145 fingitur.
780 2065 874 2127 Vana
892 2073 968 2127 sunt
987 2064 1057 2127 haec
1073 2065 1181 2127 sinon
1202 2064 1259 2128 ad·

306 2167 371 2230 hue
392 2163 631 2229 Cautuariensis
650 2163 798 2227 ecclesiae
817 2165 1076 2246 possessionibus
1093 2164 1259 2243 incubant,

307 2268 336 2332 si
358 2265 456 2333 alicui
476 2274 621 2329 nostrum
643 2264 683 2328 de
706 2272 754 2328 tot
775 2275 808 2328 et
828 2264 926 2328 tantis
949 2264 1065 2329 ablatis
1080 2267 1130 2329 vel
1144 2267 1260 2330 obolus

306 2369 469 2434 restitutus
483 2376 542 2443 est,
553 2366 617 2431 nisi
631 2366 697 2430 illis
709 2367 765 2449 qui
776 2378 859 2430 retro
875 2367 1022 2431 abiemnt
1036 2377 1068 2430 et
1077 2366 1258 2452 juramento

305 2469 448 2553 praestito
471 2466 674 2533 firmaverunt
699 2466 762 2530 sibi
780 2466 853 2551 jure
875 2467 959 2549 regis
984 2490 1055 2533 esse
1077 2469 1258 2535 vivendum.

306 2573 379 2636 Nec
393 2556 500 2634 lamen
521 2578 570 2631 est
591 2567 680 2653 quod
702 2568 863 2633 sanctitati
879 2581 990 2635 restrae
1011 2571 1067 2637 illa
1085 2593 1150 2634 non
1165 2572 1257 2635 abso-

306 2672 397 2747 lutio,
413 2670 471 2733 sed
480 2668 564 2751 juris
578 2669 684 2732 illusio
700 2668 818 2733 debeat
837 2670 997 2753 imputari,
1012 2693 1111 2754 quum
1126 2671 1158 2733 in
1173 2671 1258 2734 frau-

306 2772 380 2837 dem
395 2769 539 2835 mandati
554 2769 650 2833 vestri
664 2776 816 2832 nontam
835 2769 977 2851 praestita
992 2770 1044 2849 sit,
1059 2790 1153 2853 quam
1170 2790 1257 2833 eom·

306 2874 413 2936 missa.
457 2869 667 2935 Indulseratis
682 2868 780 2945 enim,
794 2875 831 2931 ut
845 2867 873 2931 si
887 2889 982 2951 quem
1003 2890 1113 2932 eorum
1129 2869 1255 2949 agritu-

308 2974 384 3037 dins
397 2973 541 3036 laborare
557 2970 767 3053 contingeret,
782 2968 892 3033 mortis
912 2968 1099 3034 imminente
1115 2971 1258 3053 periculo

306 3074 450 3158 praestito
463 3073 647 3155 juramento
663 3070 841 3136 secuudum
863 3092 984 3136 morem
1003 3072 1151 3136 ecclesia
1172 3072 1258 3156 quod

306 3185 411 3239 vestro
435 3174 585 3238 mandato
614 3183 750 3257 pareret,
776 3182 852 3237 tunc
878 3172 1007 3237 demum
1034 3176 1261 3239 absolveretur·

307 3278 347 3344 ln
363 3298 428 3361 quo
443 3274 590 3339 ecelesias
605 3272 670 3336 Dei
691 3283 723 3335 et
743 3274 840 3335 nobis
854 3284 1062 3357 prospectum
1077 3297 1147 3340 esse
1163 3272 1261 3339 voluit

307 3378 450 3459 dignatio
473 3386 584 3439 vestra.
631 3372 683 3437 Illi
704 3384 811 3437 autem
838 3375 961 3437 absolvi
988 3374 1055 3438 doli
1079 3376 1259 3457 patrocinio

306 3487 499 3551 meruerunt,
519 3476 706 3539 simulantes
729 3496 763 3537 se
785 3474 819 3538 in
841 3475 950 3538 mortis
972 3475 1117 3557 periculo
1132 3479 1261 3557 versari,

306 3581 384 3665 quia
398 3581 444 3645 eis
459 3579 499 3643 de
515 3576 666 3641 mandato
689 3576 824 3641 Domini
846 3576 930 3658 regis
944 3576 1134 3642 imminebat
1147 3600 1259 3645 noces·

306 3683 384 3745 sitas
399 3680 634 3745 transfretandi.
681 3678 779 3751 Unde
794 3678 871 3760 quia
892 3678 946 3743 ille
961 3679 1018 3762 qui
1032 3680 1183 3760 absolvit,
1197 3703 1258 3747 uec

306 3781 496 3847 ordinariam
525 3781 665 3846 habebat
693 3791 896 3865 potestatem,
923 3798 985 3846 nea
1012 3783 1151 3847 avobis
1178 3804 1259 3867 prae·

306 3882 457 3963 scriptam
479 3882 613 3945 servavit
634 3883 780 3958 sormam,
803 3883 912 3960 eredo,
927 3883 955 3946 si
970 3883 1062 3946 vobis
1082 3884 1172 3946 aliter
1192 3905 1259 3946 non

291 3981 440 4057 'videtur‚
463 3982 611 4048 collatam
633 3984 869 4050 absolutionem
891 3985 932 4049 de
949 3984 1022 4069 jure
1044 4004 1110 4059 nou
1132 3993 1261 4061 tenere3

305 4101 337 4152 et
356 4088 430 4150 illos
450 4083 595 4148 ecclesiae
617 4105 802 4167 pervasores
817 4087 849 4148 in
866 4085 1014 4151 anteriori
1037 4105 1167 4148 manera
1187 4106 1260 4148 sen·

305 4191 415 4254 tentia.
461 4188 545 4251 Nam
569 4186 614 4248 illi
637 4187 692 4268 qui
710 4188 801 4251 vobis
824 4185 987 4251 illudendo
1004 4184 1204 4250 Gallicanam
1228 4199 1261 4251 et

305 4292 516 4372 Anglicanam
553 4290 705 4354 ecclesias
749 4288 998 4356 scandalizando
1039 4290 1188 4370 peccavit
1210 4291 1257 4354 ‘in
