3034 5200
303 754 411 835 libb]
683 771 862 818 emarcus.
1215 763 1252 822 17

296 926 360 1007 legi
383 925 445 989 Dei
467 932 636 1007 repugnet,
649 924 677 988 si
693 923 733 988 de
749 927 845 989 verbo
867 925 932 987 Dei
956 926 1099 991 nituntur
1114 949 1251 993 consue·

295 1027 423 1091 tudines
447 1048 521 1111 quae
545 1033 699 1110 petuntur
723 1024 875 1090 adversus
904 1027 1099 1108 Ecclesiam,
1113 1028 1251 1094 libenter

293 1128 403 1193 cedet:
431 1138 464 1192 et
485 1128 526 1191 de
549 1126 800 1192 contradictione
822 1136 856 1191 et
877 1128 1046 1193 vexatione
1068 1129 1169 1214 partis
1190 1129 1247 1194 ad·

294 1250 391 1293 versae
407 1229 580 1293 satisfaciet
598 1227 715 1293 libens.
752 1229 849 1301 Quod
865 1229 893 1293 si
907 1250 1004 1294 causa
1018 1231 1087 1315 ejus
1102 1230 1249 1294 innititur

293 1331 389 1394 verbo
404 1330 481 1405 Dei,
497 1331 524 1393 si
540 1329 571 1393 ei
590 1329 741 1393 assistunt
761 1331 898 1412 apostoli
913 1339 946 1395 et
959 1332 1137 1417 prophetie,
1152 1352 1246 1396 nemo

293 1453 365 1495 eum
380 1439 436 1496 aut
451 1453 527 1495 suos
540 1451 599 1513 per
614 1431 743 1512 gratiam
759 1431 823 1495 Dei
838 1433 951 1496 avellet
965 1455 985 1495 a
999 1432 1064 1496 fide
1079 1434 1149 1496 ista.

335 1533 419 1595 Haec
434 1540 483 1594 est
498 1530 585 1595 enim
595 1530 628 1592 in
641 1529 823 1595 Christiano
833 1530 1012 1615 justissima
1027 1553 1125 1595 causa
1139 1533 1246 1609 exilii3

292 1653 350 1716 pro
366 1653 430 1715 qua
443 1653 511 1694 non
532 1630 628 1694 modo
649 1628 856 1697 substantiam
878 1654 998 1716 ponere
1019 1633 1126 1710 debet,
1142 1632 1199 1697 sed
1214 1644 1248 1697 et

293 1732 433 1797 animam
447 1752 549 1796 suam.
592 1732 663 1795 Jam
684 1733 767 1796 enim
790 1734 859 1797 sola
873 1733 1025 1818 iniquitas
1039 1733 1245 1797 consuetudi·

291 1856 381 1911 num,
395 1842 427 1898 ct
441 1834 575 1918 aequitas
598 1832 715 1896 divinae
737 1833 821 1917 legis
836 1835 876 1896 ab
897 1834 1031 1897 adverso
1054 1833 1244 1914 confligunt,

291 1947 324 2001 et
338 1936 377 2000 de
389 1957 486 2000 cansa
496 1935 691 2019 pecuniaria,
703 1956 776 2018 quae
787 1945 864 1999 tunc
880 1932 1010 2019 quidem
1024 1934 1245 2012 simulabatur,

291 2045 322 2101 et
342 2037 376 2100 in
398 2038 529 2101 veritate
551 2038 640 2101 nulla
659 2046 738 2112 erat,
753 2057 813 2100 nec
835 2037 957 2100 mentio
978 2047 1037 2101 est.
1082 2036 1243 2101 Adversus

289 2139 349 2203 hoc
371 2141 473 2203 multa
495 2138 600 2221 fingit,
613 2137 825 2215 machinatur,
846 2149 879 2202 et
901 2137 935 2200 in
957 2140 1042 2222 pelle
1062 2140 1241 2222 vulpecula

288 2240 411 2304 laborat
433 2238 632 2324 improbitas,
654 2236 711 2302 sed
733 2239 884 2302 mentitur
904 2238 1059 2323 iniqnitas
1081 2239 1153 2314 sibi,
1175 2261 1240 2316 non

288 2340 457 2404 attendens
480 2349 537 2405 aut
560 2338 768 2402 dissimulans
791 2361 888 2422 quam
912 2338 1020 2402 suavis
1044 2349 1095 2402 est
1119 2340 1242 2403 bomini

287 2442 383 2523 panis
397 2439 567 2519 mendacii,
578 2440 636 2504 sed
650 2461 707 2523 per
722 2461 761 2504 aa
774 2440 958 2524 implebitur
972 2461 1009 2504 os
1024 2438 1094 2524 ejus
1105 2443 1240 2505 calculo.

229 2593 231 2597 .
287 2540 353 2606 Sed
378 2541 525 2627 profecto
550 2561 650 2604 unum
675 2542 837 2625 estquod
866 2563 977 2606 omnes
1002 2542 1119 2622 mirari,
1142 2543 1240 2606 immo

288 2644 396 2708 dolere
417 2643 547 2723 debent,
567 2642 640 2707 illos
662 2642 812 2706 videlicet
833 2642 1117 2708 Cantuariensibus
1137 2646 1240 2709 exuli·

285 2746 346 2808 bus
360 2745 523 2820 insultare,
539 2766 597 2829 pro
621 2764 757 2829 quorum
779 2743 927 2807 libertate
944 2764 977 2807 se
992 2743 1239 2808 Cantuarienses

286 2845 327 2909 ad
342 2848 450 2911 omnia
473 2845 660 2910 discrimina
680 2845 886 2909 devoverunt.
931 2844 984 2908 llli
1003 2867 1062 2929 pro
1078 2846 1238 2909 communi

244 2983 247 2988 ·
285 2948 431 3011 libertate
454 2957 617 3011 versantur
639 2949 673 3010 in
698 2947 860 3023 torculari,
880 2954 914 3009 et
935 2947 1008 3030 quis
1030 2947 1130 3010 astitit
1150 2946 1238 3010 illis?

286 3046 339 3110 Illi
361 3055 512 3128 satagunt
533 3055 569 3107 ut
588 3042 760 3109 haereditas
782 3043 919 3106 Domini
941 3044 1093 3108 liberetur
1106 3067 1126 3108 a
1141 3047 1237 3110 servi·

285 3156 366 3225 tute,
385 3154 418 3208 et
439 3144 481 3208 ad
500 3144 581 3207 ollas
605 3143 749 3207 carnium
771 3153 804 3207 et
823 3144 899 3208 allia
916 3146 1141 3229 AEgyptiorum
1162 3159 1236 3211 voto

284 3255 461 3323 recurrunt,
473 3245 528 3329 qui
542 3245 577 3308 in
590 3242 769 3326 libertatem
778 3246 902 3311 fuerant
913 3246 1082 3311 educendi.
1113 3249 1235 3331 Utique

284 3347 529 3412 miserabiliores
552 3355 626 3411 sunt
647 3348 797 3413 omnibns
822 3348 984 3429 gentibus.
1029 3348 1064 3411 si
1086 3349 1138 3412 hic
1161 3372 1234 3435 pro-

231 3476 239 3486 ·
284 3449 474 3527 scribuntur,
489 3448 683 3531 affliguntur,
698 3459 730 3513 et
748 3449 944 3533 deputantur
961 3470 1035 3512 curn
1056 3450 1182 3534 impiis:
1207 3452 1235 3515 ai

283 3551 534 3615 consolationem
556 3573 576 3614 a
596 3550 740 3614 Domino
759 3570 826 3613 non
847 3558 1033 3633 expectant,
1052 3550 1080 3612 si
1101 3552 1233 3613 exulan·

283 3652 368 3715 tibus
388 3651 584 3714 conscientia
605 3672 671 3714 non
694 3650 869 3734 respondet
890 3650 931 3713 ad
953 3649 1120 3713 meritum:
1151 3650 1178 3711 si
1199 3651 1232 3713 in

283 3753 581 3835 persequutionibus
596 3774 724 3816 causam
741 3774 807 3814 non
823 3750 943 3813 babent
955 3749 1127 3814 Christum.
1166 3752 1233 3816 De·

282 3853 364 3917 ridet
378 3874 434 3916 eos
448 3853 618 3935 prudentia
631 3852 747 3931 carnis,
758 3874 831 3936 quae
845 3852 886 3914 ab
902 3860 1018 3913 eventu
1029 3852 1140 3914 merita
1153 3873 1232 3934 pen·

282 3963 350 4031 sat;
389 3954 446 4017 sed
473 3954 564 4017 Dens
586 3955 770 4018 consolatur
795 3974 851 4016 eos
874 3952 908 4013 in
936 3950 1139 4014 tribulatione
1164 3971 1232 4024 sua,

281 4054 408 4118 tandem
432 4075 641 4139 responsurus
656 4065 688 4119 et
702 4056 765 4119 illis
781 4055 836 4138 qui
855 4052 974 4116 mundo
997 4052 1231 4129 lenocinantur,

280 4168 313 4219 et
341 4156 662 4240 cervicalia'ponunt
691 4157 751 4219 sub
782 4153 942 4238 capitibus
971 4152 1128 4215 universae
1157 4154 1231 4203 oetve

168 4322 171 4327 .
280 4256 332 4329 tis,
354 4265 387 4317 et
407 4256 584 4338 pulvinaria
606 4256 666 4318 sub
690 4255 776 4317 omni
804 4253 913 4316 cubito
940 4271 1063 4321 manus,
1087 4259 1228 4309 commu-

278 4356 424 4419 nicantes
450 4356 751 4431 excommunicatis,
775 4354 881 4416 clares
909 4347 1068 4412 Ecclesiae
1093 4336 1231 4406 ludibrio

327 4474 399 4519 von.
416 4476 452 4520 11.
752 4473 771 4517 c
