3034 5200
313 689 356 747 dt
591 699 727 747 Joannts
743 698 1021 745 saansunnreusrs
1173 682 1217 761 [n.
1234 703 1266 746 n.

318 862 392 916 vota
413 854 572 936 compleat
587 849 812 934 deprecantis?
839 850 1002 934 Expedite
1025 861 1132 916 autem
1155 853 1274 916 arbitor

315 952 477 1018 sanctitati
498 965 610 1017 vestrae
632 953 673 1016 ad
696 953 803 1030 vitam,
818 960 852 1014 et
872 952 1070 1016 nobilitatem
1093 954 1207 1018 decere
1227 954 1270 1017 ad

317 1054 462 1135 gloriam,
473 1066 508 1118 ut
519 1055 788 1136 contemplatione
802 1052 918 1116 divinae
928 1054 1144 1118 miserationis
1159 1076 1272 1137 parvu-

316 1156 419 1218 lorum
446 1155 566 1220 Christi
592 1154 833 1218 necessitatibus
860 1154 1116 1230 communicetis,
1141 1167 1173 1217 et
1199 1156 1270 1217 ubi·

317 1277 455 1340 cumque
477 1256 557 1320 ratio
579 1254 769 1337 permiserit,
790 1255 824 1316 in
847 1275 955 1316 eorum
977 1256 1193 1318 consolatione
1216 1264 1271 1319 aut

317 1356 517 1440 promotione
532 1355 656 1420 caritati
671 1377 742 1439 quae
758 1354 791 1418 in
807 1353 934 1418 Christo
950 1362 999 1417 est
1014 1355 1229 1432 satisfaciatis,
1240 1368 1272 1419 et

319 1458 429 1540 generi
449 1468 552 1521 vestro
575 1456 662 1541 qnod
683 1458 790 1540 plnres
812 1458 961 1540 parvulos
976 1478 1050 1520 suos
1072 1457 1274 1540 dignoscitur

319 1559 490 1636 exaltasse,
515 1577 612 1640 quam
636 1557 788 1634 mundns,
813 1558 890 1620 licet
914 1557 950 1620 in
974 1558 1113 1640 maligno
1140 1557 1275 1640 positus,

320 1661 425 1724 adbuc
454 1659 557 1744 possit
587 1659 776 1742 deprimere.
826 1661 927 1724 Lator
955 1659 1161 1743 praesentium
1192 1681 1275 1722 unus

317 1762 519 1844 parvulorum
539 1759 659 1824 Christi
680 1770 744 1823 est:
777 1770 877 1822 estet
898 1781 1024 1823 mecum
1047 1782 1129 1824 unus
1145 1760 1184 1823 de
1200 1781 1274 1842 par·

318 1858 401 1924 vulis
422 1859 547 1937 vestris,
563 1860 759 1943 potestisque
783 1861 899 1923 collata
921 1861 1012 1922 vobis
1034 1862 1271 1943 opportunitate

318 1961 482 2037 divinitus,
497 1971 533 2024 ut
555 1960 619 2023 dici
635 1961 726 2035 solet,
743 1960 813 2026 sine
834 1960 990 2040 sanguine
1015 1972 1047 2023 et
1061 1961 1187 2038 sudore,
1202 1962 1272 2024 sine

230 2072 236 2079 ’
317 2061 489 2145 dispendio
517 2061 716 2138 facultatum,
742 2072 774 2124 et
802 2082 874 2125 cum
904 2070 1076 2142 augmento
1105 2061 1269 2142 opinionis

316 2172 427 2226 restrae
439 2174 474 2226 et
485 2161 703 2238 conscientie,
715 2162 958 2226 necessitatibus
971 2162 1040 2245 ejus
1049 2161 1147 2245 juxta
1159 2182 1271 2244 preces

313 2261 439 2326 domini
467 2258 701 2344 archiepiscopi
731 2263 910 2325 subvenire.
955 2262 1051 2334 Quod
1080 2273 1115 2326 ut
1144 2263 1268 2326 faciatis

317 2374 413 2427 tantae
429 2361 603 2444 majestatis
621 2363 772 2445 precibus
788 2385 867 2426 meae
888 2362 1050 2445 parvitatis
1064 2363 1181 2447 adjicio
1198 2384 1268 2445 pre-

316 2484 379 2540 ces,
395 2461 472 2526 mihi
486 2473 686 2546 reputaturus
699 2463 881 2546 impensum
903 2463 1058 2548 quicquid
1073 2465 1104 2528 ei
1117 2464 1269 2528 beneficii

316 2564 524 2629 anthenoris
545 2585 565 2627 a
586 2574 689 2628 vestra
709 2563 805 2628 firerit
826 2563 967 2628 bonitate
991 2567 1153 2629 collatum.
1199 2567 1269 2631 Nec

316 2666 484 2729 immemor
502 2687 574 2728 sum
595 2666 835 2740 consolationis,
851 2687 946 2749 qnam
963 2663 1099 2731 Scironis
1121 2689 1141 2730 a
1156 2677 1268 2730 vestroe

316 2766 517 2832 liberalitatis
537 2768 794 2850 verbo'percepi,
808 2788 869 2829 nec
893 2789 948 2829 vos
961 2768 1177 2830 immemorem
1200 2790 1270 2832 esse

318 2869 431 2951 patiar,
446 2889 545 2952 quum
560 2878 615 2932 ant
630 2868 803 2931 necessitas
824 2867 1035 2949 importunior
1049 2869 1193 2949 urgebit3
1217 2881 1272 2932 aut

313 2968 475 3032 modestia
486 2968 697 3046 verecundiae,
711 2968 911 3032 necessitatis
921 2968 1162 3052 importunitati,
1174 2991 1270 3053 quam

311 3068 460 3133 nondum
470 3069 702 3133 inexorabilem
714 3079 866 3153 expertus
877 3091 959 3145 sum,
972 3070 1057 3134 victa
1067 3072 1266 3135 succumbet.

318 3172 428 3235 Unum
452 3180 556 3234 antem
580 3191 645 3252 prae
669 3171 792 3234 caeteris
814 3192 904 3252 rogo,
926 3191 1043 3234 moneo
1069 3182 1102 3235 et
1129 3172 1164 3234 in
1188 3194 1268 3236 verae

316 3272 465 3335 amicitiae
488 3273 622 3335 consulo
647 3270 719 3347 fide,
742 3278 778 3333 ut
798 3270 1008 3333 memineritis
1031 3270 1062 3332 in
1084 3290 1181 3335 causa
1202 3274 1269 3335 Ec·

317 3373 423 3435 clesiae
446 3369 664 3442 conscientian,
688 3369 775 3454 quod
796 3369 838 3432 ad
861 3370 979 3446 Deum,
998 3370 1101 3446 samae,
1117 3372 1204 3452 quod
1226 3372 1268 3435 ad

316 3472 480 3536 homines:
512 3491 572 3534 nec
593 3471 629 3533 in
651 3472 776 3534 calamo
789 3467 946 3551 AEgyptio
967 3468 1148 3547 confidatis,
1164 3471 1267 3553 quiet

317 3572 398 3636 nulli
424 3593 518 3654 opem
544 3571 615 3649 fert,
641 3578 674 3633 et
701 3571 843 3633 membra
871 3565 1010 3651 perforat
1034 3569 1268 3637 incumbentis:

317 3692 483 3755 rerumque
503 3671 701 3736 exhibitione
719 3670 911 3748 monstretis,
927 3670 1015 3753 quod
1037 3669 1079 3733 ad
1099 3693 1166 3749 vos,
1180 3674 1269 3738 falla·

318 3793 388 3835 cern
417 3793 487 3835 esse
517 3785 549 3836 et
577 3796 705 3851 vanum,
735 3773 791 3857 qui
821 3772 992 3847 maliciam,
1018 3794 1091 3856 quae
1120 3774 1270 3840 adversus

317 3870 497 3935 Ecclesiam
515 3883 691 3950 exercetur,
706 3892 877 3949 excusans,
892 3872 1116 3935 accusantibus
1135 3880 1271 3954 praetsn·

320 3973 394 4036 dere
409 3973 581 4033 consuevit.
615 3973 706 4035 Gens
722 3994 779 4036 sua
794 3981 827 4036 et
841 3972 1041 4055 pontificium
1057 3970 1186 4035 tradidit
1200 3992 1271 4033 eam

319 4071 407 4136 mihi.
453 4068 656 4134 Sacerdotem
673 4071 794 4134 Christi
816 4074 974 4156 alloquor,
989 4072 1147 4135 Ecclesiae
1161 4081 1270 4150 pasto-

314 4196 395 4249 rem,
419 4170 606 4256 pontificem
631 4170 818 4249 animarum,
845 4173 944 4237 filium
975 4172 1105 4235 illustris
1135 4171 1272 4249 comitis,

320 4275 373 4356 qui
400 4276 436 4337 in
457 4296 568 4354 regum
591 4274 736 4354 catalogo
763 4271 878 4354 dignus
901 4274 1002 4337 fuerat
1025 4272 1193 4348 numerari,
1215 4271 1276 4335 nisi
