3034 5200
301 719 410 810 ll7l.]
684 746 862 792 nmsroun.
1190 728 1248 787 261

297 898 405 962 Eratis
427 897 460 960 in
482 896 597 982 Anglia
618 918 690 960 cum
714 909 832 982 patruo
848 906 952 958 vestro
975 893 1103 957 domino
1123 893 1249 956 Winto·

296 999 406 1074 niensi,
416 996 543 1083 quando
557 997 642 1060 idem
654 1019 738 1060 nunc
751 995 903 1081 Caiphas,
913 1007 988 1058 tunc
1000 991 1249 1056 archi-diabolus

296 1097 477 1162 Walterum
493 1097 594 1174 illum,
605 1098 698 1184 cujus
709 1096 916 1160 adolescentis
931 1094 1102 1159 admodum
1117 1105 1248 1156 venusta

293 1199 373 1263 facie
397 1198 547 1264 inductus
573 1198 693 1261 nefario
719 1197 891 1261 concubitu
918 1195 1011 1260 nimis
1041 1204 1246 1259 consueverat

293 1300 453 1382 delectari,
478 1299 639 1386 hispidum
665 1312 697 1363 et
718 1298 891 1384 procaciori
915 1298 1023 1383 lingua
1048 1309 1244 1360 evomentem

292 1403 420 1487 probra,
436 1424 510 1486 quae
526 1401 556 1462 in
572 1401 794 1464 contumeliam
808 1413 930 1464 naturae
946 1423 1113 1486 perpessus
1128 1399 1245 1476 fuerat,

292 1503 391 1567 oculis
406 1504 512 1567 orbari
527 1503 614 1566 secit.
661 1504 705 1565 Et
721 1502 924 1587 postmodum
942 1507 1042 1566 scelus
1057 1514 1243 1586 arguentem

291 1603 376 1666 idem
396 1602 653 1678 archi-diabolus
672 1602 839 1688 judicibus
858 1602 915 1688 qui
936 1602 1097 1668 saecularia
1116 1601 1244 1685 negotia

291 1704 480 1768 exercebant
503 1705 670 1788 corruptis,
687 1702 795 1787 adegit
818 1703 998 1787 suspendio.
1045 1704 1097 1766 Sic
1120 1701 1167 1764 vir
1190 1701 1243 1764 ille

290 1827 354 1867 non
377 1804 480 1867 minus
502 1805 658 1885 benignus
681 1826 776 1889 quam
799 1802 945 1888 pudicus,
961 1803 1100 1876 columbi
1121 1803 1167 1866 sui
1191 1825 1242 1866 ac·

289 1904 426 1990 ceptavit
443 1904 601 1969 affectum.
647 1905 698 1966 Sic
715 1902 827 1967 veteris
849 1903 958 1966 amasii
983 1903 1037 1966 diu
1061 1904 1241 1967 exhibitum

289 2005 478 2089 obsequium
505 2007 728 2084 remuneravit,
752 2017 788 2069 ut
812 2005 915 2089 primo
940 2018 1087 2090 stuprum
1111 2006 1241 2068 inferret

290 2107 413 2186 misem,
436 2106 549 2171 deinde
572 2106 737 2183 miseriori,
754 2106 832 2190 quia
854 2105 893 2168 de
915 2128 1067 2170 consensu
1091 2118 1154 2170 tam
1178 2128 1241 2168 sor-

288 2208 372 2275 didae
390 2208 602 2273 immunditiae
623 2209 811 2294 poenitebat,
827 2207 1057 2294 capulationem
1081 2221 1112 2271 et
1135 2207 1241 2271 oculo-

288 2333 359 2375 rum
386 2311 578 2375 avulsionem
606 2311 775 2396 infligeret,
800 2325 831 2374 et
862 2310 988 2373 tandem
1016 2310 1239 2384 miserrimum,

287 2413 365 2496 quia
375 2412 521 2490 clamore,
533 2425 568 2474 ut
581 2424 717 2494 poterat,
730 2434 803 2474 suas
818 2413 1056 2496 protestabatur
1067 2411 1241 2494 angustias,

287 2535 472 2598 suspensum
488 2512 519 2575 in
535 2512 679 2598 patibulo
694 2513 803 2576 iecerit
814 2512 970 2597 jugulari.

334 2617 415 2679 Haec
430 2637 491 2677 non
510 2615 671 2700 fingimus,
688 2616 740 2679 sed
757 2615 789 2678 in
804 2628 937 2679 vestram
954 2616 1137 2680 studuimus
1151 2637 1240 2677 revo-

286 2738 357 2780 care
380 2717 574 2798 memoriam,
600 2716 623 2779 si
652 2727 755 2781 tamen
782 2716 927 2780 excidere
953 2729 1138 2802 potueruut,
1164 2738 1237 2801 quae

285 2817 372 2881 velut
396 2840 503 2900 ungue
524 2818 738 2897 adamantino,
755 2818 864 2882 multis
885 2830 917 2881 et
940 2818 1072 2903 magnis,
1088 2832 1119 2881 et
1136 2817 1237 2902 plenis

284 2917 347 2981 fide
364 2918 436 2981 viris
458 2918 574 3003 saepius
597 2918 806 2983 referentibus
828 2918 860 2982 in
883 2931 1010 3003 pectore
1032 2932 1140 2982 nostro
1162 2941 1235 3003 pro-

282 3019 416 3083 fundius
435 3018 629 3083 resederunt.
676 3024 758 3083 Nam
785 3020 930 3105 usquein
946 3019 1135 3084 hodiernum
1151 3020 1235 3083 diem

283 3120 315 3183 in
337 3120 545 3205 opprobrium
573 3121 722 3197 ecclesiae,
746 3122 874 3205 Deique
895 3134 1111 3207 contemptum
1136 3120 1235 3185 tristis

282 3221 351 3284 haec
366 3219 495 3285 historia
509 3222 691 3286 cantitatur.
739 3222 801 3285 Sed
816 3223 950 3287 sortasse
972 3236 1091 3308 quaeret
1107 3222 1233 3309 aliquis,

283 3321 441 3407 quomodo
464 3334 588 3386 tantum
610 3321 782 3407 flagitium,
804 3336 836 3388 et
859 3336 923 3388 tam
944 3325 1159 3403 manifestum,
1174 3326 1234 3388 im·

282 3445 368 3508 pune
394 3423 573 3508 pertulerit,
600 3437 631 3488 et
658 3426 833 3509 praesertim
858 3426 953 3489 beato
982 3427 1129 3510 Eugeuio
1155 3440 1233 3508 tunc

282 3545 442 3587 summum
468 3525 708 3589 administrante
733 3526 977 3612 pontificatum?
1016 3528 1061 3589 Et
1092 3527 1231 3610 quidem,

280 3637 316 3689 ut
339 3626 557 3691 indubitanter
579 3628 747 3703 eredimus,
771 3628 860 3692 nullo
882 3626 976 3691 modo
998 3629 1157 3705 evasisset,
1172 3627 1232 3691 nisi

280 3749 337 3812 per
366 3728 450 3791 beati
479 3730 615 3793 Thomae
640 3728 842 3808 industriam,
867 3729 925 3814 qui
954 3750 1011 3813 per
1036 3728 1231 3792 venerabiles

280 3827 363 3891 viros
388 3828 548 3892 Hilarium
573 3830 801 3894 Cicestrensem
828 3842 860 3893 et
887 3832 1043 3893 Joannem
1065 3830 1231 3912 Wigorni-

279 3951 384 3993 ensem
410 3929 573 4015 episcopos
599 3930 714 4010 effecit,
740 3944 777 3995 ut
804 3932 872 4018 ejus
901 3954 920 3993 a
948 3931 1040 3995 bonae
1071 3931 1229 3995 memoriae

281 4028 469 4093 Theobaldo
485 4032 707 4096 Cantuariensi
730 4031 965 4118 archiepiscopo
986 4033 1137 4116 purgatio
1152 4031 1229 4094 reci·

280 4139 419 4211 peretur.
466 4128 589 4192 Deinde
604 4131 740 4194 sentiens
755 4130 916 4195 ecclesiam
932 4133 1109 4195 Romanam
1125 4130 1228 4215 indig-

279 4240 385 4291 natam
400 4250 467 4291 esse
482 4251 578 4314 super
598 4232 794 4296 exhibitione
816 4233 1014 4318 purgationis
1028 4233 1122 4295 factae
1137 4231 1229 4311 clam,

278 4340 390 4413 utpote
405 4328 436 4391 in
453 4330 593 4415 capitulo
616 4333 852 4410 monachorum,
876 4355 938 4398 non
959 4334 991 4397 in
1011 4332 1141 4397 solemni
1156 4356 1229 4399 con-
