<?xml version="1.0" encoding="UTF-8"?>
<!DOCTYPE html PUBLIC "-//W3C//DTD XHTML 1.0 Transitional//EN"
    "http://www.w3.org/TR/xhtml1/DTD/xhtml1-transitional.dtd">
<html xmlns="http://www.w3.org/1999/xhtml" xml:lang="en" lang="en">
 <head>
  <title>
</title>
<meta http-equiv="Content-Type" content="text/html;charset=utf-8" />
  <meta name='ocr-system' content='tesseract 3.04.00' />
  <meta name='ocr-capabilities' content='ocr_page ocr_carea ocr_par ocr_line ocrx_word'/>
</head>
<body>
  <div class='ocr_page' id='page_1' title='image "./joannissaresber11johngoog_0095.png"; bbox 0 0 3034 5200; ppageno 0'>
   <div class='ocr_carea' id='block_1_1' title="bbox 286 701 1240 781">
    <p class='ocr_par' dir='ltr' id='par_1_1' title="bbox 286 701 1240 781">
     <span class='ocr_line' id='line_1_1' title="bbox 286 701 1240 781; baseline -0.002 -18"><span class='ocrx_word' id='word_1_1' title='bbox 286 706 328 765; x_wconf 85' lang='grc'>78</span> <span class='ocrx_word' id='word_1_2' title='bbox 560 717 695 763; x_wconf 80' lang='lat' dir='ltr'>scaurus</span> <span class='ocrx_word' id='word_1_3' title='bbox 710 715 990 763; x_wconf 70' lang='lat' dir='ltr'>sanmasareusrs</span> <span class='ocrx_word' id='word_1_4' title='bbox 1147 701 1193 781; x_wconf 77' lang='lat' dir='ltr'>[a.</span> <span class='ocrx_word' id='word_1_5' title='bbox 1210 717 1240 760; x_wconf 80' lang='grc' dir='ltr'>ιι</span> 
     </span>
    </p>
   </div>
   <div class='ocr_carea' id='block_1_2' title="bbox 285 867 1242 1155">
    <p class='ocr_par' dir='ltr' id='par_1_2' title="bbox 285 867 1242 1155">
     <span class='ocr_line' id='line_1_2' title="bbox 288 867 1242 948; baseline -0.004 -13"><span class='ocrx_word' id='word_1_6' title='bbox 288 873 380 935; x_wconf 87' lang='lat' dir='ltr'>tertia</span> <span class='ocrx_word' id='word_1_7' title='bbox 400 869 573 948; x_wconf 88' lang='lat' dir='ltr'>redierunt,</span> <span class='ocrx_word' id='word_1_8' title='bbox 595 869 684 934; x_wconf 91' lang='lat' dir='ltr'>etin</span> <span class='ocrx_word' id='word_1_9' title='bbox 704 867 862 933; x_wconf 84' lang='lat' dir='ltr'>ultionem</span> <span class='ocrx_word' id='word_1_10' title='bbox 888 869 1064 934; x_wconf 84' lang='lat' dir='ltr'>dirutanrm</span> <span class='ocrx_word' id='word_1_11' title='bbox 1088 870 1242 934; x_wconf 87' lang='lat' dir='ltr'>domnum</span> 
     </span>
     <span class='ocr_line' id='line_1_3' title="bbox 287 970 1241 1036; baseline -0.004 0"><span class='ocrx_word' id='word_1_12' title='bbox 287 970 428 1036; x_wconf 80' lang='lat' dir='ltr'>funditus</span> <span class='ocrx_word' id='word_1_13' title='bbox 447 980 625 1036; x_wconf 84' lang='lat' dir='ltr'>everterunt</span> <span class='ocrx_word' id='word_1_14' title='bbox 647 971 762 1034; x_wconf 90' lang='lat' dir='ltr'>domos</span> <span class='ocrx_word' id='word_1_15' title='bbox 783 972 921 1035; x_wconf 89' lang='lat' dir='ltr'>militum</span> <span class='ocrx_word' id='word_1_16' title='bbox 940 971 1114 1035; x_wconf 86' lang='lat' dir='ltr'>faventium</span> <span class='ocrx_word' id='word_1_17' title='bbox 1136 970 1241 1035; x_wconf 87' lang='lat' dir='ltr'>archi·</span> 
     </span>
     <span class='ocr_line' id='line_1_4' title="bbox 285 1071 1239 1155; baseline -0.001 -21"><span class='ocrx_word' id='word_1_18' title='bbox 285 1072 449 1155; x_wconf 90' lang='lat' dir='ltr'>episcopo,</span> <span class='ocrx_word' id='word_1_19' title='bbox 471 1071 682 1136; x_wconf 80' lang='lat' dir='ltr'>vicedomini</span> <span class='ocrx_word' id='word_1_20' title='bbox 707 1072 835 1135; x_wconf 89' lang='lat' dir='ltr'>scilicet</span> <span class='ocrx_word' id='word_1_21' title='bbox 858 1071 919 1146; x_wconf 86' lang='lat' dir='ltr'>sui,</span> <span class='ocrx_word' id='word_1_22' title='bbox 934 1083 967 1134; x_wconf 89' lang='lat' dir='ltr'>et</span> <span class='ocrx_word' id='word_1_23' title='bbox 984 1071 1113 1134; x_wconf 89' lang='lat' dir='ltr'>alterius</span> <span class='ocrx_word' id='word_1_24' title='bbox 1135 1071 1239 1152; x_wconf 90' lang='lat' dir='ltr'>quiin</span> 
     </span>
    </p>
   </div>
   <div class='ocr_carea' id='block_1_3' title="bbox 278 1171 1241 2872">
    <p class='ocr_par' dir='ltr' id='par_1_3' title="bbox 278 1171 1241 2872">
     <span class='ocr_line' id='line_1_5' title="bbox 286 1171 1241 1256; baseline -0.004 -20"><span class='ocrx_word' id='word_1_25' title='bbox 286 1175 364 1236; x_wconf 89' lang='lat' dir='ltr'>urbe</span> <span class='ocrx_word' id='word_1_26' title='bbox 385 1184 526 1255; x_wconf 83' lang='lat' dir='ltr'>gesserat</span> <span class='ocrx_word' id='word_1_27' title='bbox 544 1173 776 1256; x_wconf 71' lang='lat' dir='ltr'>prefecturam.</span> <span class='ocrx_word' id='word_1_28' title='bbox 823 1171 919 1236; x_wconf 88' lang='lat' dir='ltr'><strong>Unde</strong></span> <span class='ocrx_word' id='word_1_29' title='bbox 941 1181 1046 1234; x_wconf 92' lang='lat' dir='ltr'>motus</span> <span class='ocrx_word' id='word_1_30' title='bbox 1066 1172 1241 1254; x_wconf 88' lang='lat' dir='ltr'>archiepis-</span> 
     </span>
     <span class='ocr_line' id='line_1_6' title="bbox 285 1273 1239 1358; baseline -0.004 -20"><span class='ocrx_word' id='word_1_31' title='bbox 285 1296 387 1358; x_wconf 86' lang='lat' dir='ltr'><strong>copus</strong></span> <span class='ocrx_word' id='word_1_32' title='bbox 401 1275 529 1338; x_wconf 88' lang='lat' dir='ltr'>comitis</span> <span class='ocrx_word' id='word_1_33' title='bbox 544 1273 703 1338; x_wconf 80' lang='lat' dir='ltr'>Flandriae</span> <span class='ocrx_word' id='word_1_34' title='bbox 725 1273 906 1354; x_wconf 86' lang='lat' dir='ltr'>imploravit</span> <span class='ocrx_word' id='word_1_35' title='bbox 919 1274 1086 1351; x_wconf 85' lang='lat' dir='ltr'>auxilium,</span> <span class='ocrx_word' id='word_1_36' title='bbox 1100 1291 1239 1354; x_wconf 90' lang='lat' dir='ltr'>eumque</span> 
     </span>
     <span class='ocr_line' id='line_1_7' title="bbox 285 1373 1240 1456; baseline -0.004 -16"><span class='ocrx_word' id='word_1_37' title='bbox 285 1396 360 1440; x_wconf 91' lang='lat' dir='ltr'>cum</span> <span class='ocrx_word' id='word_1_38' title='bbox 375 1377 462 1440; x_wconf 89' lang='lat' dir='ltr'>mille</span> <span class='ocrx_word' id='word_1_39' title='bbox 477 1376 632 1439; x_wconf 81' lang='lat' dir='ltr'>militibus</span> <span class='ocrx_word' id='word_1_40' title='bbox 647 1373 786 1438; x_wconf 85' lang='lat' dir='ltr'>adduxit</span> <span class='ocrx_word' id='word_1_41' title='bbox 800 1375 932 1450; x_wconf 78' lang='lat' dir='ltr'>Remos,</span> <span class='ocrx_word' id='word_1_42' title='bbox 946 1384 983 1438; x_wconf 96' lang='grc' dir='ltr'>ιιι</span> <span class='ocrx_word' id='word_1_43' title='bbox 996 1375 1083 1437; x_wconf 86' lang='lat' dir='ltr'>cives</span> <span class='ocrx_word' id='word_1_44' title='bbox 1098 1373 1240 1456; x_wconf 88' lang='lat' dir='ltr'>perirent</span> 
     </span>
     <span class='ocr_line' id='line_1_8' title="bbox 282 1475 1240 1561; baseline -0.005 -20"><span class='ocrx_word' id='word_1_45' title='bbox 282 1478 319 1541; x_wconf 90' lang='lat' dir='ltr'>in</span> <span class='ocrx_word' id='word_1_46' title='bbox 329 1499 382 1542; x_wconf 90' lang='lat' dir='ltr'>ore</span> <span class='ocrx_word' id='word_1_47' title='bbox 393 1475 504 1559; x_wconf 81' lang='lat' dir='ltr'>gladii,</span> <span class='ocrx_word' id='word_1_48' title='bbox 516 1487 572 1540; x_wconf 85' lang='lat' dir='ltr'>aut</span> <span class='ocrx_word' id='word_1_49' title='bbox 583 1476 764 1540; x_wconf 86' lang='lat' dir='ltr'>redimendi</span> <span class='ocrx_word' id='word_1_50' title='bbox 779 1487 812 1540; x_wconf 90' lang='lat' dir='ltr'>et</span> <span class='ocrx_word' id='word_1_51' title='bbox 823 1477 993 1561; x_wconf 90' lang='lat' dir='ltr'>torquendi</span> <span class='ocrx_word' id='word_1_52' title='bbox 1008 1475 1240 1558; x_wconf 81' lang='lat' dir='ltr'>conjicerentur</span> 
     </span>
     <span class='ocr_line' id='line_1_9' title="bbox 282 1576 1237 1660; baseline -0.003 -19"><span class='ocrx_word' id='word_1_53' title='bbox 282 1578 318 1641; x_wconf 91' lang='lat' dir='ltr'>in</span> <span class='ocrx_word' id='word_1_54' title='bbox 334 1580 472 1643; x_wconf 85' lang='lat' dir='ltr'>vincula.</span> <span class='ocrx_word' id='word_1_55' title='bbox 513 1578 578 1641; x_wconf 91' lang='lat' dir='ltr'>Sed</span> <span class='ocrx_word' id='word_1_56' title='bbox 593 1577 641 1640; x_wconf 88' lang='lat' dir='ltr'>illi</span> <span class='ocrx_word' id='word_1_57' title='bbox 657 1579 900 1660; x_wconf 69' lang='lat' dir='ltr'>praesentientes</span> <span class='ocrx_word' id='word_1_58' title='bbox 914 1576 1088 1642; x_wconf 78' lang='lat' dir='ltr'>adrentum</span> <span class='ocrx_word' id='word_1_59' title='bbox 1102 1576 1237 1654; x_wconf 85' lang='lat' dir='ltr'>comitis,</span> 
     </span>
     <span class='ocr_line' id='line_1_10' title="bbox 282 1679 1237 1756; baseline 0 -15"><span class='ocrx_word' id='word_1_60' title='bbox 282 1679 395 1742; x_wconf 87' lang='lat' dir='ltr'>iterato</span> <span class='ocrx_word' id='word_1_61' title='bbox 424 1687 598 1756; x_wconf 87' lang='lat' dir='ltr'>cesserunt,</span> <span class='ocrx_word' id='word_1_62' title='bbox 630 1679 677 1742; x_wconf 90' lang='lat' dir='ltr'>sic</span> <span class='ocrx_word' id='word_1_63' title='bbox 708 1692 902 1743; x_wconf 73' lang='lat' dir='ltr'>evacuantes</span> <span class='ocrx_word' id='word_1_64' title='bbox 931 1682 1044 1744; x_wconf 90' lang='lat' dir='ltr'>urbem</span> <span class='ocrx_word' id='word_1_65' title='bbox 1073 1688 1109 1742; x_wconf 93' lang='lat' dir='ltr'>ut</span> <span class='ocrx_word' id='word_1_66' title='bbox 1140 1680 1237 1742; x_wconf 87' lang='lat' dir='ltr'>Flan-</span> 
     </span>
     <span class='ocr_line' id='line_1_11' title="bbox 283 1778 1238 1857; baseline 0.002 -15"><span class='ocrx_word' id='word_1_67' title='bbox 283 1778 427 1857; x_wconf 87' lang='lat' dir='ltr'>drenses‚</span> <span class='ocrx_word' id='word_1_68' title='bbox 456 1779 566 1842; x_wconf 90' lang='lat' dir='ltr'>inedia</span> <span class='ocrx_word' id='word_1_69' title='bbox 594 1781 744 1856; x_wconf 81' lang='lat' dir='ltr'>consecti,</span> <span class='ocrx_word' id='word_1_70' title='bbox 770 1781 827 1842; x_wconf 81' lang='lat' dir='ltr'>vix</span> <span class='ocrx_word' id='word_1_71' title='bbox 856 1782 951 1843; x_wconf 89' lang='lat' dir='ltr'>unius</span> <span class='ocrx_word' id='word_1_72' title='bbox 981 1780 1048 1844; x_wconf 88' lang='lat' dir='ltr'>dici</span> <span class='ocrx_word' id='word_1_73' title='bbox 1076 1789 1109 1844; x_wconf 90' lang='lat' dir='ltr'>et</span> <span class='ocrx_word' id='word_1_74' title='bbox 1133 1781 1238 1844; x_wconf 85' lang='lat' dir='ltr'>noctis</span> 
     </span>
     <span class='ocr_line' id='line_1_12' title="bbox 282 1879 1238 1965; baseline 0.005 -25"><span class='ocrx_word' id='word_1_75' title='bbox 282 1896 402 1942; x_wconf 86' lang='lat' dir='ltr'>moram</span> <span class='ocrx_word' id='word_1_76' title='bbox 424 1879 585 1961; x_wconf 86' lang='lat' dir='ltr'>potuerint</span> <span class='ocrx_word' id='word_1_77' title='bbox 604 1880 771 1941; x_wconf 90' lang='lat' dir='ltr'>sustinere.</span> <span class='ocrx_word' id='word_1_78' title='bbox 818 1881 865 1942; x_wconf 89' lang='lat' dir='ltr'>Et</span> <span class='ocrx_word' id='word_1_79' title='bbox 879 1881 955 1962; x_wconf 89' lang='lat' dir='ltr'>quia</span> <span class='ocrx_word' id='word_1_80' title='bbox 974 1881 1238 1965; x_wconf 76' lang='lat' dir='ltr'>archiepiscopus</span> 
     </span>
     <span class='ocr_line' id='line_1_13' title="bbox 280 1976 1237 2060; baseline 0.001 -19"><span class='ocrx_word' id='word_1_81' title='bbox 280 1978 314 2041; x_wconf 91' lang='lat' dir='ltr'>in</span> <span class='ocrx_word' id='word_1_82' title='bbox 327 1998 454 2042; x_wconf 88' lang='lat' dir='ltr'>recessu</span> <span class='ocrx_word' id='word_1_83' title='bbox 470 1998 579 2041; x_wconf 89' lang='lat' dir='ltr'>eorum</span> <span class='ocrx_word' id='word_1_84' title='bbox 592 1977 679 2040; x_wconf 83' lang='lat' dir='ltr'>cives</span> <span class='ocrx_word' id='word_1_85' title='bbox 690 1976 733 2040; x_wconf 86' lang='lat' dir='ltr'>ad</span> <span class='ocrx_word' id='word_1_86' title='bbox 743 1979 873 2060; x_wconf 89' lang='lat' dir='ltr'>propria</span> <span class='ocrx_word' id='word_1_87' title='bbox 885 1978 1044 2042; x_wconf 88' lang='lat' dir='ltr'>redituros</span> <span class='ocrx_word' id='word_1_88' title='bbox 1060 2000 1127 2042; x_wconf 90' lang='lat' dir='ltr'>non</span> <span class='ocrx_word' id='word_1_89' title='bbox 1142 1980 1237 2045; x_wconf 90' lang='lat' dir='ltr'>dubi·</span> 
     </span>
     <span class='ocr_line' id='line_1_14' title="bbox 280 2078 1236 2168; baseline -0.002 -24"><span class='ocrx_word' id='word_1_90' title='bbox 280 2081 380 2158; x_wconf 81' lang='lat' dir='ltr'>tabat,</span> <span class='ocrx_word' id='word_1_91' title='bbox 399 2101 457 2163; x_wconf 89' lang='lat' dir='ltr'>per</span> <span class='ocrx_word' id='word_1_92' title='bbox 477 2078 629 2142; x_wconf 89' lang='lat' dir='ltr'>comitem</span> <span class='ocrx_word' id='word_1_93' title='bbox 647 2079 826 2168; x_wconf 79' lang='lat' dir='ltr'>prertum</span> <span class='ocrx_word' id='word_1_94' title='bbox 846 2079 972 2142; x_wconf 77' lang='lat' dir='ltr'>tiatrem</span> <span class='ocrx_word' id='word_1_95' title='bbox 995 2100 1099 2157; x_wconf 91' lang='lat' dir='ltr'>suum,</span> <span class='ocrx_word' id='word_1_96' title='bbox 1114 2081 1236 2161; x_wconf 83' lang='lat' dir='ltr'>ignaris</span> 
     </span>
     <span class='ocr_line' id='line_1_15' title="bbox 281 2179 1236 2265; baseline 0.002 -21"><span class='ocrx_word' id='word_1_97' title='bbox 281 2179 543 2258; x_wconf 79' lang='lat' dir='ltr'>Flandrensibus,</span> <span class='ocrx_word' id='word_1_98' title='bbox 565 2200 639 2242; x_wconf 90' lang='lat' dir='ltr'>cnm</span> <span class='ocrx_word' id='word_1_99' title='bbox 665 2179 713 2241; x_wconf 88' lang='lat' dir='ltr'>eis</span> <span class='ocrx_word' id='word_1_100' title='bbox 738 2198 850 2259; x_wconf 86' lang='lat' dir='ltr'>pacem</span> <span class='ocrx_word' id='word_1_101' title='bbox 875 2179 962 2257; x_wconf 85' lang='lat' dir='ltr'>fecit,</span> <span class='ocrx_word' id='word_1_102' title='bbox 986 2181 1130 2262; x_wconf 88' lang='lat' dir='ltr'>acceptis</span> <span class='ocrx_word' id='word_1_103' title='bbox 1156 2203 1236 2265; x_wconf 88' lang='lat' dir='ltr'>qua·</span> 
     </span>
     <span class='ocr_line' id='line_1_16' title="bbox 279 2279 1234 2363; baseline 0.001 -20"><span class='ocrx_word' id='word_1_104' title='bbox 279 2280 457 2362; x_wconf 86' lang='lat' dir='ltr'>dringeutis</span> <span class='ocrx_word' id='word_1_105' title='bbox 478 2279 712 2363; x_wconf 80' lang='lat' dir='ltr'>quinquaginta</span> <span class='ocrx_word' id='word_1_106' title='bbox 735 2279 825 2342; x_wconf 88' lang='lat' dir='ltr'>libris</span> <span class='ocrx_word' id='word_1_107' title='bbox 848 2279 882 2343; x_wconf 93' lang='lat' dir='ltr'>in</span> <span class='ocrx_word' id='word_1_108' title='bbox 906 2281 1234 2363; x_wconf 83' lang='lat' dir='ltr'>recompensationem</span> 
     </span>
     <span class='ocr_line' id='line_1_17' title="bbox 281 2379 1235 2466; baseline 0.001 -21"><span class='ocrx_word' id='word_1_109' title='bbox 281 2379 485 2445; x_wconf 86' lang='lat' dir='ltr'>damnorum:</span> <span class='ocrx_word' id='word_1_110' title='bbox 519 2402 604 2464; x_wconf 81' lang='lat' dir='ltr'>quae,</span> <span class='ocrx_word' id='word_1_111' title='bbox 624 2390 661 2444; x_wconf 90' lang='lat' dir='ltr'>ut</span> <span class='ocrx_word' id='word_1_112' title='bbox 685 2381 881 2462; x_wconf 87' lang='lat' dir='ltr'>multiplices</span> <span class='ocrx_word' id='word_1_113' title='bbox 903 2381 1036 2466; x_wconf 87' lang='lat' dir='ltr'>injurias</span> <span class='ocrx_word' id='word_1_114' title='bbox 1061 2393 1095 2446; x_wconf 90' lang='lat' dir='ltr'>et</span> <span class='ocrx_word' id='word_1_115' title='bbox 1121 2393 1235 2446; x_wconf 90' lang='lat' dir='ltr'>contu·</span> 
     </span>
     <span class='ocr_line' id='line_1_18' title="bbox 280 2481 1235 2565; baseline 0.002 -19"><span class='ocrx_word' id='word_1_116' title='bbox 280 2483 391 2546; x_wconf 87' lang='lat' dir='ltr'>melias</span> <span class='ocrx_word' id='word_1_117' title='bbox 401 2493 538 2560; x_wconf 85' lang='lat' dir='ltr'>taceam,</span> <span class='ocrx_word' id='word_1_118' title='bbox 549 2482 582 2545; x_wconf 89' lang='lat' dir='ltr'>in</span> <span class='ocrx_word' id='word_1_119' title='bbox 593 2481 810 2565; x_wconf 83' lang='lat' dir='ltr'>quadruplum</span> <span class='ocrx_word' id='word_1_120' title='bbox 825 2492 1040 2562; x_wconf 84' lang='lat' dir='ltr'>excreverant,</span> <span class='ocrx_word' id='word_1_121' title='bbox 1051 2485 1235 2549; x_wconf 88' lang='lat' dir='ltr'>concedens</span> 
     </span>
     <span class='ocr_line' id='line_1_19' title="bbox 278 2584 1231 2672; baseline 0.002 -22"><span class='ocrx_word' id='word_1_122' title='bbox 278 2584 379 2650; x_wconf 84' lang='lat' dir='ltr'>atde</span> <span class='ocrx_word' id='word_1_123' title='bbox 404 2594 519 2649; x_wconf 82' lang='lat' dir='ltr'>caetero</span> <span class='ocrx_word' id='word_1_124' title='bbox 540 2585 666 2667; x_wconf 87' lang='lat' dir='ltr'>legibus</span> <span class='ocrx_word' id='word_1_125' title='bbox 691 2593 822 2648; x_wconf 87' lang='lat' dir='ltr'>utantur</span> <span class='ocrx_word' id='word_1_126' title='bbox 845 2585 996 2670; x_wconf 85' lang='lat' dir='ltr'>antiquis.</span> <span class='ocrx_word' id='word_1_127' title='bbox 1040 2585 1095 2650; x_wconf 89' lang='lat' dir='ltr'>Sic</span> <span class='ocrx_word' id='word_1_128' title='bbox 1121 2587 1231 2672; x_wconf 88' lang='lat' dir='ltr'>itaque</span> 
     </span>
     <span class='ocr_line' id='line_1_20' title="bbox 280 2686 1231 2767; baseline 0.001 -16"><span class='ocrx_word' id='word_1_129' title='bbox 280 2688 467 2751; x_wconf 80' lang='lat' dir='ltr'>damnosam</span> <span class='ocrx_word' id='word_1_130' title='bbox 499 2697 532 2750; x_wconf 91' lang='lat' dir='ltr'>et</span> <span class='ocrx_word' id='word_1_131' title='bbox 562 2686 810 2767; x_wconf 75' lang='lat' dir='ltr'>ignominiosam</span> <span class='ocrx_word' id='word_1_132' title='bbox 842 2708 916 2750; x_wconf 90' lang='lat' dir='ltr'>cum</span> <span class='ocrx_word' id='word_1_133' title='bbox 949 2686 1074 2750; x_wconf 86' lang='lat' dir='ltr'>civibus</span> <span class='ocrx_word' id='word_1_134' title='bbox 1111 2688 1231 2753; x_wconf 83' lang='lat' dir='ltr'>faciens</span> 
     </span>
     <span class='ocr_line' id='line_1_21' title="bbox 278 2787 1230 2872; baseline 0 -19"><span class='ocrx_word' id='word_1_135' title='bbox 278 2808 403 2871; x_wconf 89' lang='lat' dir='ltr'>pacem,</span> <span class='ocrx_word' id='word_1_136' title='bbox 415 2788 521 2852; x_wconf 90' lang='lat' dir='ltr'>adhuc</span> <span class='ocrx_word' id='word_1_137' title='bbox 537 2808 610 2851; x_wconf 88' lang='lat' dir='ltr'>cum</span> <span class='ocrx_word' id='word_1_138' title='bbox 622 2789 708 2851; x_wconf 88' lang='lat' dir='ltr'>clero</span> <span class='ocrx_word' id='word_1_139' title='bbox 723 2797 852 2851; x_wconf 88' lang='lat' dir='ltr'>exercet</span> <span class='ocrx_word' id='word_1_140' title='bbox 866 2787 1061 2864; x_wconf 86' lang='lat' dir='ltr'>inimicitias,</span> <span class='ocrx_word' id='word_1_141' title='bbox 1072 2798 1105 2851; x_wconf 90' lang='lat' dir='ltr'>et</span> <span class='ocrx_word' id='word_1_142' title='bbox 1118 2809 1153 2851; x_wconf 88' lang='lat' dir='ltr'>se</span> <span class='ocrx_word' id='word_1_143' title='bbox 1162 2789 1230 2872; x_wconf 86' lang='lat' dir='ltr'>juri</span> 
     </span>
    </p>
   </div>
   <div class='ocr_carea' id='block_1_4' title="bbox 169 2886 1039 2971">
    <p class='ocr_par' dir='ltr' id='par_1_4' title="bbox 169 2886 1039 2971">
     <span class='ocr_line' id='line_1_22' title="bbox 169 2886 1039 2971; baseline 0.003 -24"><span class='ocrx_word' id='word_1_144' title='bbox 169 2942 170 2947; x_wconf 73' lang='grc'>,</span> <span class='ocrx_word' id='word_1_145' title='bbox 276 2890 446 2953; x_wconf 82' lang='lat' dir='ltr'>offerentes</span> <span class='ocrx_word' id='word_1_146' title='bbox 460 2900 556 2952; x_wconf 84' lang='lat' dir='ltr'>vexat</span> <span class='ocrx_word' id='word_1_147' title='bbox 570 2889 733 2953; x_wconf 87' lang='lat' dir='ltr'>ecclesias.</span> <span class='ocrx_word' id='word_1_148' title='bbox 773 2888 856 2951; x_wconf 82' lang='lat' dir='ltr'>Hoec</span> <span class='ocrx_word' id='word_1_149' title='bbox 871 2886 956 2971; x_wconf 90' lang='lat' dir='ltr'>apud</span> <span class='ocrx_word' id='word_1_150' title='bbox 971 2908 1039 2951; x_wconf 92' lang='lat' dir='ltr'>nos.</span> 
     </span>
    </p>
   </div>
   <div class='ocr_carea' id='block_1_5' title="bbox 223 2988 1231 4387">
    <p class='ocr_par' dir='ltr' id='par_1_5' title="bbox 223 2988 1231 4387">
     <span class='ocr_line' id='line_1_23' title="bbox 321 2988 1229 3072; baseline 0.001 -19"><span class='ocrx_word' id='word_1_151' title='bbox 321 2989 483 3053; x_wconf 70' lang='lat' dir='ltr'>Caeterum</span> <span class='ocrx_word' id='word_1_152' title='bbox 498 2988 538 3052; x_wconf 88' lang='lat' dir='ltr'>ad</span> <span class='ocrx_word' id='word_1_153' title='bbox 553 2999 661 3072; x_wconf 84' lang='lat' dir='ltr'>partes</span> <span class='ocrx_word' id='word_1_154' title='bbox 673 2997 792 3052; x_wconf 81' lang='lat' dir='ltr'>vestras</span> <span class='ocrx_word' id='word_1_155' title='bbox 806 2989 990 3070; x_wconf 89' lang='lat' dir='ltr'>accepimus</span> <span class='ocrx_word' id='word_1_156' title='bbox 1004 2989 1128 3053; x_wconf 85' lang='lat' dir='ltr'>venisse</span> <span class='ocrx_word' id='word_1_157' title='bbox 1141 2992 1229 3071; x_wconf 90' lang='lat' dir='ltr'>lega·</span> 
     </span>
     <span class='ocr_line' id='line_1_24' title="bbox 277 3090 1231 3176; baseline 0.004 -23"><span class='ocrx_word' id='word_1_158' title='bbox 277 3099 340 3168; x_wconf 86' lang='lat' dir='ltr'>tos,</span> <span class='ocrx_word' id='word_1_159' title='bbox 353 3090 394 3153; x_wconf 90' lang='lat' dir='ltr'>de</span> <span class='ocrx_word' id='word_1_160' title='bbox 409 3092 527 3174; x_wconf 89' lang='lat' dir='ltr'>quibus</span> <span class='ocrx_word' id='word_1_161' title='bbox 541 3090 648 3154; x_wconf 86' lang='lat' dir='ltr'>adhuc</span> <span class='ocrx_word' id='word_1_162' title='bbox 666 3091 823 3153; x_wconf 88' lang='lat' dir='ltr'>incertum</span> <span class='ocrx_word' id='word_1_163' title='bbox 838 3100 888 3154; x_wconf 87' lang='lat' dir='ltr'>cst</span> <span class='ocrx_word' id='word_1_164' title='bbox 908 3090 987 3175; x_wconf 91' lang='lat' dir='ltr'>quid</span> <span class='ocrx_word' id='word_1_165' title='bbox 1000 3092 1097 3155; x_wconf 90' lang='lat' dir='ltr'>nobis</span> <span class='ocrx_word' id='word_1_166' title='bbox 1110 3094 1231 3176; x_wconf 88' lang='lat' dir='ltr'>sperari</span> 
     </span>
     <span class='ocr_line' id='line_1_25' title="bbox 278 3190 1230 3275; baseline 0.004 -22"><span class='ocrx_word' id='word_1_167' title='bbox 278 3201 434 3274; x_wconf 86' lang='lat' dir='ltr'>oporteat,</span> <span class='ocrx_word' id='word_1_168' title='bbox 447 3190 527 3275; x_wconf 87' lang='lat' dir='ltr'>quid</span> <span class='ocrx_word' id='word_1_169' title='bbox 541 3190 656 3253; x_wconf 85' lang='lat' dir='ltr'>timeri.</span> <span class='ocrx_word' id='word_1_170' title='bbox 688 3192 765 3254; x_wconf 85' lang='lat' dir='ltr'>Hoc</span> <span class='ocrx_word' id='word_1_171' title='bbox 779 3202 886 3255; x_wconf 88' lang='lat' dir='ltr'>autem</span> <span class='ocrx_word' id='word_1_172' title='bbox 902 3191 1077 3255; x_wconf 84' lang='lat' dir='ltr'>certissime</span> <span class='ocrx_word' id='word_1_173' title='bbox 1093 3202 1230 3272; x_wconf 88' lang='lat' dir='ltr'>constat,</span> 
     </span>
     <span class='ocr_line' id='line_1_26' title="bbox 276 3288 1228 3375; baseline 0.003 -21"><span class='ocrx_word' id='word_1_174' title='bbox 276 3291 364 3375; x_wconf 90' lang='lat' dir='ltr'>qnod</span> <span class='ocrx_word' id='word_1_175' title='bbox 386 3291 534 3355; x_wconf 88' lang='lat' dir='ltr'>dominus</span> <span class='ocrx_word' id='word_1_176' title='bbox 558 3288 801 3355; x_wconf 81' lang='lat' dir='ltr'>cantuariensis</span> <span class='ocrx_word' id='word_1_177' title='bbox 820 3290 984 3374; x_wconf 81' lang='lat' dir='ltr'>judicium</span> <span class='ocrx_word' id='word_1_178' title='bbox 996 3292 1166 3357; x_wconf 84' lang='lat' dir='ltr'>cardinalis</span> <span class='ocrx_word' id='word_1_179' title='bbox 1185 3292 1228 3357; x_wconf 89' lang='lat' dir='ltr'>ad</span> 
     </span>
     <span class='ocr_line' id='line_1_27' title="bbox 275 3391 1229 3476; baseline 0.001 -21"><span class='ocrx_word' id='word_1_180' title='bbox 275 3395 405 3457; x_wconf 83' lang='lat' dir='ltr'>vincula</span> <span class='ocrx_word' id='word_1_181' title='bbox 418 3414 483 3455; x_wconf 90' lang='lat' dir='ltr'>non</span> <span class='ocrx_word' id='word_1_182' title='bbox 498 3392 603 3455; x_wconf 86' lang='lat' dir='ltr'>subire</span> <span class='ocrx_word' id='word_1_183' title='bbox 619 3391 787 3474; x_wconf 89' lang='lat' dir='ltr'>disposuit,</span> <span class='ocrx_word' id='word_1_184' title='bbox 799 3392 909 3455; x_wconf 87' lang='lat' dir='ltr'>multis</span> <span class='ocrx_word' id='word_1_185' title='bbox 924 3392 1074 3476; x_wconf 89' lang='lat' dir='ltr'>(utputo)</span> <span class='ocrx_word' id='word_1_186' title='bbox 1090 3404 1124 3457; x_wconf 84' lang='lat' dir='ltr'>et</span> <span class='ocrx_word' id='word_1_187' title='bbox 1130 3393 1229 3476; x_wconf 88' lang='lat' dir='ltr'>justis</span> 
     </span>
     <span class='ocr_line' id='line_1_28' title="bbox 275 3493 1228 3578; baseline 0.002 -22"><span class='ocrx_word' id='word_1_188' title='bbox 275 3495 512 3578; x_wconf 88' lang='lat' dir='ltr'>suspicionibus</span> <span class='ocrx_word' id='word_1_189' title='bbox 526 3502 642 3570; x_wconf 87' lang='lat' dir='ltr'>motus,</span> <span class='ocrx_word' id='word_1_190' title='bbox 654 3493 733 3575; x_wconf 91' lang='lat' dir='ltr'>quia</span> <span class='ocrx_word' id='word_1_191' title='bbox 746 3494 933 3557; x_wconf 81' lang='lat' dir='ltr'>manifestus</span> <span class='ocrx_word' id='word_1_192' title='bbox 947 3493 1144 3558; x_wconf 82' lang='lat' dir='ltr'>adversarius</span> <span class='ocrx_word' id='word_1_193' title='bbox 1158 3494 1228 3577; x_wconf 87' lang='lat' dir='ltr'>ejus</span> 
     </span>
     <span class='ocr_line' id='line_1_29' title="bbox 275 3591 1229 3676; baseline -0.001 -19"><span class='ocrx_word' id='word_1_194' title='bbox 275 3594 432 3659; x_wconf 89' lang='lat' dir='ltr'>hactenus</span> <span class='ocrx_word' id='word_1_195' title='bbox 447 3593 587 3657; x_wconf 85' lang='lat' dir='ltr'>exstitit:</span> <span class='ocrx_word' id='word_1_196' title='bbox 613 3591 671 3657; x_wconf 90' lang='lat' dir='ltr'>sed</span> <span class='ocrx_word' id='word_1_197' title='bbox 686 3615 727 3657; x_wconf 88' lang='lat' dir='ltr'>an</span> <span class='ocrx_word' id='word_1_198' title='bbox 742 3593 898 3676; x_wconf 87' lang='lat' dir='ltr'>expediat</span> <span class='ocrx_word' id='word_1_199' title='bbox 911 3593 993 3658; x_wconf 90' lang='lat' dir='ltr'>adeo</span> <span class='ocrx_word' id='word_1_200' title='bbox 1008 3594 1184 3657; x_wconf 73' lang='lat' dir='ltr'>manifestae</span> <span class='ocrx_word' id='word_1_201' title='bbox 1196 3593 1229 3658; x_wconf 91' lang='lat' dir='ltr'>ei</span> 
     </span>
     <span class='ocr_line' id='line_1_30' title="bbox 274 3694 1225 3780; baseline 0.002 -23"><span class='ocrx_word' id='word_1_202' title='bbox 274 3695 469 3776; x_wconf 87' lang='lat' dir='ltr'>suspicionis</span> <span class='ocrx_word' id='word_1_203' title='bbox 489 3716 601 3759; x_wconf 89' lang='lat' dir='ltr'>causas</span> <span class='ocrx_word' id='word_1_204' title='bbox 616 3716 792 3779; x_wconf 87' lang='lat' dir='ltr'>exponere,</span> <span class='ocrx_word' id='word_1_205' title='bbox 805 3716 871 3758; x_wconf 91' lang='lat' dir='ltr'>non</span> <span class='ocrx_word' id='word_1_206' title='bbox 893 3696 971 3759; x_wconf 88' lang='lat' dir='ltr'>satis</span> <span class='ocrx_word' id='word_1_207' title='bbox 984 3694 1095 3780; x_wconf 89' lang='lat' dir='ltr'>liquet.</span> <span class='ocrx_word' id='word_1_208' title='bbox 1140 3696 1225 3760; x_wconf 84' lang='lat' dir='ltr'>Nam</span> 
     </span>
     <span class='ocr_line' id='line_1_31' title="bbox 274 3794 1226 3881; baseline 0.002 -22"><span class='ocrx_word' id='word_1_209' title='bbox 274 3794 535 3878; x_wconf 85' lang='lat' dir='ltr'>archiepiscopus</span> <span class='ocrx_word' id='word_1_210' title='bbox 560 3796 608 3872; x_wconf 89' lang='lat' dir='ltr'>(ut</span> <span class='ocrx_word' id='word_1_211' title='bbox 631 3797 743 3874; x_wconf 90' lang='lat' dir='ltr'>audio)</span> <span class='ocrx_word' id='word_1_212' title='bbox 769 3798 800 3861; x_wconf 91' lang='lat' dir='ltr'>ei</span> <span class='ocrx_word' id='word_1_213' title='bbox 820 3796 890 3881; x_wconf 88' lang='lat' dir='ltr'>jam</span> <span class='ocrx_word' id='word_1_214' title='bbox 915 3797 1087 3880; x_wconf 88' lang='lat' dir='ltr'>rescripsit,</span> <span class='ocrx_word' id='word_1_215' title='bbox 1113 3806 1226 3861; x_wconf 90' lang='lat' dir='ltr'>contra</span> 
     </span>
     <span class='ocr_line' id='line_1_32' title="bbox 223 3896 1225 3981; baseline 0.001 -21"><span class='ocrx_word' id='word_1_216' title='bbox 223 3909 225 3913; x_wconf 81' lang='grc'>’</span> <span class='ocrx_word' id='word_1_217' title='bbox 273 3918 379 3960; x_wconf 87' lang='lat' dir='ltr'>meum</span> <span class='ocrx_word' id='word_1_218' title='bbox 395 3906 428 3957; x_wconf 89' lang='lat' dir='ltr'>et</span> <span class='ocrx_word' id='word_1_219' title='bbox 443 3896 651 3978; x_wconf 88' lang='lat' dir='ltr'>quorumdam</span> <span class='ocrx_word' id='word_1_220' title='bbox 670 3900 802 3962; x_wconf 90' lang='lat' dir='ltr'>aliorum</span> <span class='ocrx_word' id='word_1_221' title='bbox 817 3898 965 3972; x_wconf 89' lang='lat' dir='ltr'>consilia,</span> <span class='ocrx_word' id='word_1_222' title='bbox 980 3896 1069 3981; x_wconf 90' lang='lat' dir='ltr'>quod</span> <span class='ocrx_word' id='word_1_223' title='bbox 1087 3917 1121 3962; x_wconf 90' lang='lat' dir='ltr'>se</span> <span class='ocrx_word' id='word_1_224' title='bbox 1135 3897 1225 3961; x_wconf 90' lang='lat' dir='ltr'>illius</span> 
     </span>
     <span class='ocr_line' id='line_1_33' title="bbox 266 3998 1225 4084; baseline 0.001 -21"><span class='ocrx_word' id='word_1_225' title='bbox 266 3998 392 4084; x_wconf 87' lang='lat' dir='ltr'>judicio</span> <span class='ocrx_word' id='word_1_226' title='bbox 407 4018 473 4061; x_wconf 94' lang='lat' dir='ltr'>non</span> <span class='ocrx_word' id='word_1_227' title='bbox 490 4009 658 4080; x_wconf 86' lang='lat' dir='ltr'>supponet,</span> <span class='ocrx_word' id='word_1_228' title='bbox 668 4020 728 4062; x_wconf 89' lang='lat' dir='ltr'>nec</span> <span class='ocrx_word' id='word_1_229' title='bbox 744 4009 870 4064; x_wconf 87' lang='lat' dir='ltr'>tenetur</span> <span class='ocrx_word' id='word_1_230' title='bbox 884 4020 1074 4082; x_wconf 88' lang='lat' dir='ltr'>supponere,</span> <span class='ocrx_word' id='word_1_231' title='bbox 1086 4010 1118 4064; x_wconf 89' lang='lat' dir='ltr'>et</span> <span class='ocrx_word' id='word_1_232' title='bbox 1133 4000 1225 4082; x_wconf 85' lang='lat' dir='ltr'>plura</span> 
     </span>
     <span class='ocr_line' id='line_1_34' title="bbox 271 4098 1221 4184; baseline 0 -19"><span class='ocrx_word' id='word_1_233' title='bbox 271 4100 432 4184; x_wconf 84' lang='lat' dir='ltr'>congessit</span> <span class='ocrx_word' id='word_1_234' title='bbox 446 4098 561 4183; x_wconf 90' lang='lat' dir='ltr'>quibus</span> <span class='ocrx_word' id='word_1_235' title='bbox 573 4099 714 4162; x_wconf 90' lang='lat' dir='ltr'>animum</span> <span class='ocrx_word' id='word_1_236' title='bbox 727 4100 867 4165; x_wconf 88' lang='lat' dir='ltr'>hominis</span> <span class='ocrx_word' id='word_1_237' title='bbox 878 4121 1084 4182; x_wconf 85' lang='lat' dir='ltr'>exasperasse</span> <span class='ocrx_word' id='word_1_238' title='bbox 1098 4107 1221 4183; x_wconf 67' lang='lat' dir='ltr'>potesta</span> 
     </span>
     <span class='ocr_line' id='line_1_35' title="bbox 269 4200 1223 4293; baseline 0.002 -29"><span class='ocrx_word' id='word_1_239' title='bbox 269 4224 369 4285; x_wconf 89' lang='lat' dir='ltr'>qnum</span> <span class='ocrx_word' id='word_1_240' title='bbox 389 4223 449 4285; x_wconf 87' lang='lat' dir='ltr'>ego</span> <span class='ocrx_word' id='word_1_241' title='bbox 469 4200 576 4285; x_wconf 89' lang='lat' dir='ltr'>potius</span> <span class='ocrx_word' id='word_1_242' title='bbox 597 4220 672 4263; x_wconf 89' lang='lat' dir='ltr'>eum</span> <span class='ocrx_word' id='word_1_243' title='bbox 694 4202 864 4293; x_wconf 67' lang='lat' dir='ltr'>crederem=</span> <span class='ocrx_word' id='word_1_244' title='bbox 879 4202 982 4265; x_wconf 83' lang='lat' dir='ltr'>verbis</span> <span class='ocrx_word' id='word_1_245' title='bbox 1001 4200 1223 4266; x_wconf 90' lang='lat' dir='ltr'>blandioribus</span> 
     </span>
     <span class='ocr_line' id='line_1_36' title="bbox 271 4300 1222 4387; baseline 0.004 -24"><span class='ocrx_word' id='word_1_246' title='bbox 271 4300 527 4381; x_wconf 86' lang='lat' dir='ltr'>demulcendum,</span> <span class='ocrx_word' id='word_1_247' title='bbox 538 4312 571 4365; x_wconf 89' lang='lat' dir='ltr'>et</span> <span class='ocrx_word' id='word_1_248' title='bbox 581 4302 784 4365; x_wconf 90' lang='lat' dir='ltr'>retinendum</span> <span class='ocrx_word' id='word_1_249' title='bbox 796 4305 831 4367; x_wconf 93' lang='lat' dir='ltr'>in</span> <span class='ocrx_word' id='word_1_250' title='bbox 840 4303 991 4381; x_wconf 85' lang='lat' dir='ltr'>amicitia,</span> <span class='ocrx_word' id='word_1_251' title='bbox 1000 4301 1102 4367; x_wconf 89' lang='lat' dir='ltr'>donec</span> <span class='ocrx_word' id='word_1_252' title='bbox 1114 4304 1222 4387; x_wconf 90' lang='lat' dir='ltr'>ipsum</span> 
     </span>
    </p>
   </div>
   <div class='ocr_carea' id='block_1_6' title="bbox 0 0 1522 5200">
    <p class='ocr_par' dir='ltr' id='par_1_6' title="bbox 0 0 1522 5200">
     <span class='ocr_line' id='line_1_37' title="bbox 0 0 1522 5200; baseline 0 5"><span class='ocrx_word' id='word_1_253' title='bbox 0 0 1522 5200; x_wconf 95' lang='lat' dir='ltr'> </span> 
     </span>
    </p>
   </div>
  </div>
 </body>
</html>
