3034 5200
311 735 352 794 94
567 747 703 792 torturus
719 745 1000 793 sannsanarausrs
1168 731 1214 810 [A.
1231 750 1262 797 n.

312 899 371 960 viis
387 899 532 978 Domini,
546 919 664 961 moram
682 901 802 963 faciens
819 900 1007 964 Beneventi.
1049 902 1156 974 Quum
1171 904 1265 984 plura

308 999 504 1062 innotuerint
533 1000 614 1063 scitu
640 997 747 1080 digna,
774 1021 812 1063 ea
842 1002 934 1064 vobis
960 1003 1033 1065 Deo
1063 1003 1263 1085 propiciante

309 1100 447 1164 scribere
462 1122 527 1164 non
541 1101 726 1184 pigritabor.
772 1103 884 1164 Valete
898 1103 1025 1166 interim
1041 1115 1073 1167 et
1086 1126 1220 1187 semper.

353 1421 576 1485 EPISTOLA
603 1421 877 1485 ccxxix-n)
900 1438 981 1483 Mac.
1006 1439 1214 1484 anrnnuoun

441 1541 572 1586 aconas.
589 1540 890 1587 protocursorem.
918 1521 1002 1601 [an.
1021 1523 1130 1602 1167.]

313 1682 474 1764 Mopistro
485 1683 674 1745 Raimundo
683 1683 903 1745 Pictaoiensis
911 1683 1051 1744 ecclesiae
1064 1683 1267 1745 Concellorio

435 1784 582 1846 Jounnes
596 1784 744 1861 salutem,
759 1793 791 1845 et
803 1791 951 1865 pronote
965 1805 1136 1848 successus.

356 1918 393 1979 Sr
415 1914 615 1980 salutationis
639 1917 782 1998 antiquae
805 1926 944 1980 mutatur
963 1918 1101 2001 species,
1122 1941 1186 1981 non
1206 1921 1264 1982 im-

315 2029 444 2102 putetur
459 2017 714 2102 praesumptioni,
729 2018 787 2081 sed
806 2019 870 2081 illis
885 2019 942 2102 qui
957 2019 1054 2082 fidem
1070 2040 1267 2102 persequun-

315 2130 377 2197 tur,
392 2118 447 2202 qui
462 2117 600 2180 caritatis
616 2138 731 2180 munus
746 2118 947 2202 impediunt:
970 2118 1024 2202 qui
1038 2117 1162 2181 veritati
1177 2118 1268 2181 moli-

313 2232 408 2284 untur
429 2218 573 2281 insidias.
620 2218 801 2301 Sperabam
819 2219 1065 2283 Cantuarienses
1080 2219 1114 2281 in
1131 2219 1269 2282 adventu

315 2321 524 2387 cardinalium
540 2342 574 2383 se
591 2321 707 2383 laboris
723 2330 755 2384 et
770 2321 890 2385 doloris
905 2322 1052 2384 solatium
1066 2329 1268 2404 recepturos3

317 2424 376 2489 sed
391 2435 426 2488 ut
440 2424 549 2498 timeo,
565 2424 696 2487 frustra:
722 2446 806 2503 nam,
821 2436 857 2489 ut
872 2445 930 2507 pro
953 2425 1051 2488 animi
1073 2425 1137 2487 mei
1157 2426 1270 2508 loquar

314 2525 484 2603 sententia,
503 2546 585 2588 unus
607 2546 717 2589 eorum
737 2528 812 2611 plus
835 2548 931 2611 quam
954 2527 1088 2611 expedit
1106 2526 1268 2589 hominem

315 2629 416 2704 timet,
440 2628 518 2690 alter
546 2628 723 2692 Dominum
749 2651 815 2692 non
842 2637 975 2691 veretur.
1028 2630 1079 2691 Ita
1109 2628 1205 2710 enim,
1234 2636 1270 2688 ut

315 2729 442 2806 dicitur,
458 2730 614 2794 hactenus
629 2731 663 2792 in
678 2751 774 2794 causa
788 2729 922 2792 Domini
937 2736 1172 2811 processerunt,
1187 2748 1225 2790 ac
1241 2726 1269 2788 si

314 2830 367 2897 ille
383 2854 489 2896 coram
505 2854 579 2913 rege
595 2834 790 2896 constitutus
806 2829 846 2894 ad
861 2829 1089 2893 includendam
1105 2828 1269 2892 veritatem

315 2956 425 2998 secum
447 2936 601 2999 attulisset
624 2954 784 2999 carcerem
807 2932 1011 3009 Tullianum
1039 2931 1106 3006 hic,
1122 2929 1162 2994 ad
1182 2951 1269 2994 com·

315 3034 476 3117 pedienda
497 3033 574 3119 jura
605 3037 714 3117 legum
743 3046 776 3099 et
805 3034 987 3112 Canonum,
1015 3032 1145 3096 vincula
1173 3029 1269 3093 Petri.

316 3136 509 3199 Francorum
524 3138 593 3199 haec
611 3137 650 3200 de
673 3137 720 3201 eis
742 3137 901 3200 sententia
915 3145 974 3200 est.
1017 3137 1085 3200 Res
1100 3135 1161 3199 tibi
1174 3134 1270 3197 latius

318 3238 501 3303 innotescet
517 3259 557 3301 ex
572 3238 672 3301 literis
687 3259 767 3320 quas
778 3260 851 3301 meo
862 3238 981 3302 Joanni
997 3238 1123 3321 plenius
1134 3235 1270 3299 exaravi.

317 3342 426 3404 Unum
442 3340 509 3404 scio
529 3336 617 3420 quod
640 3338 798 3403 adventus
818 3360 928 3402 eorum
949 3337 1142 3422 quibusdam
1158 3335 1269 3398 amicis

318 3444 379 3506 tuis
396 3442 531 3527 quietern
555 3441 698 3518 abstulit,
713 3443 840 3506 labores
854 3449 887 3503 et
906 3438 1139 3503 sollicitudines
1155 3436 1271 3512 attulit,

316 3553 349 3607 et
363 3564 418 3605 eos
433 3540 614 3624 sumptibus
626 3541 802 3605 attenuavit
813 3561 892 3625 quos
907 3538 1026 3602 utinam
1043 3559 1106 3600 non
1119 3536 1271 3599 fecissent

317 3643 490 3705 incassum.
545 3641 597 3703 De
627 3654 741 3705 caetero
772 3643 895 3727 quoties
925 3651 1140 3725 opportunum
1169 3636 1273 3712 fuerit,

318 3743 455 3806 sollicita
477 3743 689 3807 sarracenum
712 3759 747 3809 ut
770 3744 915 3828 petitioni
939 3766 1019 3807 meae
1042 3738 1225 3817 satisfaciat,
1240 3747 1272 3801 et

317 3842 509 3909 transmittat
519 3844 599 3905 mihi
607 3847 723 3909 librum
734 3848 822 3911 beati
834 3840 1272 3929 DionysiideEcclesiastica

320 3943 511 4008 Hierarchia
536 3950 568 4005 et
594 3944 710 4009 divinis
739 3949 936 4025 nominibus,
959 3968 1052 4031 quoa,
1078 3945 1162 4007 sicut
1185 3937 1273 4021 apud

317 4051 447 4113 beatum
463 4045 643 4127 Dionysum
660 4047 770 4131 didici,
784 4073 888 4135 nuper
902 4048 1070 4114 transtulit.
1114 4044 1236 4108 Valete.
