<?xml version="1.0" encoding="UTF-8"?>
<!DOCTYPE html PUBLIC "-//W3C//DTD XHTML 1.0 Transitional//EN"
    "http://www.w3.org/TR/xhtml1/DTD/xhtml1-transitional.dtd">
<html xmlns="http://www.w3.org/1999/xhtml" xml:lang="en" lang="en">
 <head>
  <title>
</title>
<meta http-equiv="Content-Type" content="text/html;charset=utf-8" />
  <meta name='ocr-system' content='tesseract 3.04.00' />
  <meta name='ocr-capabilities' content='ocr_page ocr_carea ocr_par ocr_line ocrx_word'/>
</head>
<body>
  <div class='ocr_page' id='page_1' title='image "./joannissaresber11johngoog_0298.png"; bbox 0 0 3034 5200; ppageno 0'>
   <div class='ocr_carea' id='block_1_1' title="bbox 285 720 851 794">
    <p class='ocr_par' dir='ltr' id='par_1_1' title="bbox 285 720 851 794">
     <span class='ocr_line' id='line_1_1' title="bbox 285 720 851 794; baseline 0 -16"><span class='ocrx_word' id='word_1_1' title='bbox 285 720 395 794; x_wconf 59' lang='lat'>1173]</span> <span class='ocrx_word' id='word_1_2' title='bbox 677 737 851 782; x_wconf 72' lang='lat' dir='ltr'>nrrsroua.</span> 
     </span>
    </p>
   </div>
   <div class='ocr_carea' id='block_1_2' title="bbox 279 1022 1233 1202">
    <p class='ocr_par' dir='ltr' id='par_1_2' title="bbox 279 1022 1233 1202">
     <span class='ocr_line' id='line_1_2' title="bbox 279 1022 1233 1086; baseline -0.001 -3"><span class='ocrx_word' id='word_1_3' title='bbox 279 1022 498 1086; x_wconf 81' lang='lat' dir='ltr'>EPISTOLA</span> <span class='ocrx_word' id='word_1_4' title='bbox 532 1022 1007 1086; x_wconf 63' lang='lat' dir='ltr'>cccxvi-mmmmm</span> <span class='ocrx_word' id='word_1_5' title='bbox 1028 1040 1127 1084; x_wconf 74' lang='lat' dir='ltr'>axos.</span> <span class='ocrx_word' id='word_1_6' title='bbox 1150 1040 1233 1083; x_wconf 75' lang='lat' dir='ltr'>nats.</span> 
     </span>
     <span class='ocr_line' id='line_1_3' title="bbox 408 1121 1093 1202; baseline -0.004 -16"><span class='ocrx_word' id='word_1_7' title='bbox 408 1144 452 1186; x_wconf 77' lang='lat' dir='ltr'>au</span> <span class='ocrx_word' id='word_1_8' title='bbox 467 1141 697 1186; x_wconf 77' lang='lat' dir='ltr'>ntuxaunuuu</span> <span class='ocrx_word' id='word_1_9' title='bbox 714 1140 834 1185; x_wconf 73' lang='lat' dir='ltr'>aaran.</span> <span class='ocrx_word' id='word_1_10' title='bbox 882 1121 926 1201; x_wconf 75' lang='lat' dir='ltr'>[a.</span> <span class='ocrx_word' id='word_1_11' title='bbox 940 1140 970 1183; x_wconf 86' lang='lat' dir='ltr'>n.</span> <span class='ocrx_word' id='word_1_12' title='bbox 987 1123 1093 1202; x_wconf 66' lang='lat'>1173]</span> 
     </span>
    </p>
   </div>
   <div class='ocr_carea' id='block_1_3' title="bbox 420 1321 1091 1403">
    <p class='ocr_par' dir='ltr' id='par_1_3' title="bbox 420 1321 1091 1403">
     <span class='ocr_line' id='line_1_4' title="bbox 420 1321 1091 1403; baseline -0.001 -18"><span class='ocrx_word' id='word_1_13' title='bbox 420 1323 561 1385; x_wconf 78' lang='lat' dir='ltr'>Domino</span> <span class='ocrx_word' id='word_1_14' title='bbox 576 1325 673 1402; x_wconf 84' lang='lat' dir='ltr'>Papo</span> <span class='ocrx_word' id='word_1_15' title='bbox 688 1321 886 1384; x_wconf 67' lang='lat' dir='ltr'>liconiensis</span> <span class='ocrx_word' id='word_1_16' title='bbox 900 1323 1091 1403; x_wconf 69' lang='lat' dir='ltr'>Episcopus.</span> 
     </span>
    </p>
   </div>
   <div class='ocr_carea' id='block_1_4' title="bbox 279 1465 1235 1754">
    <p class='ocr_par' dir='ltr' id='par_1_4' title="bbox 279 1465 1235 1754">
     <span class='ocr_line' id='line_1_5' title="bbox 326 1465 1234 1549; baseline -0.003 -17"><span class='ocrx_word' id='word_1_17' title='bbox 326 1470 562 1534; x_wconf 74' lang='lat' dir='ltr'>Saonosancm</span> <span class='ocrx_word' id='word_1_18' title='bbox 584 1470 731 1531; x_wconf 88' lang='lat' dir='ltr'>Romana</span> <span class='ocrx_word' id='word_1_19' title='bbox 757 1465 891 1531; x_wconf 89' lang='lat' dir='ltr'>ecclesia</span> <span class='ocrx_word' id='word_1_20' title='bbox 914 1465 996 1529; x_wconf 90' lang='lat' dir='ltr'>sicut</span> <span class='ocrx_word' id='word_1_21' title='bbox 1021 1465 1167 1549; x_wconf 84' lang='lat' dir='ltr'>indiguos</span> <span class='ocrx_word' id='word_1_22' title='bbox 1192 1467 1234 1530; x_wconf 88' lang='lat' dir='ltr'>ab</span> 
     </span>
     <span class='ocr_line' id='line_1_6' title="bbox 279 1566 1234 1652; baseline -0.003 -19"><span class='ocrx_word' id='word_1_23' title='bbox 279 1569 485 1634; x_wconf 87' lang='lat' dir='ltr'>ecclesiarum</span> <span class='ocrx_word' id='word_1_24' title='bbox 502 1566 656 1650; x_wconf 87' lang='lat' dir='ltr'>regimine</span> <span class='ocrx_word' id='word_1_25' title='bbox 672 1566 834 1652; x_wconf 81' lang='lat' dir='ltr'>depellere</span> <span class='ocrx_word' id='word_1_26' title='bbox 849 1567 1021 1643; x_wconf 84' lang='lat' dir='ltr'>cousuevit,</span> <span class='ocrx_word' id='word_1_27' title='bbox 1035 1568 1079 1630; x_wconf 88' lang='lat' dir='ltr'>sic</span> <span class='ocrx_word' id='word_1_28' title='bbox 1093 1568 1135 1631; x_wconf 89' lang='lat' dir='ltr'>ad</span> <span class='ocrx_word' id='word_1_29' title='bbox 1149 1568 1234 1631; x_wconf 92' lang='lat' dir='ltr'>solli-</span> 
     </span>
     <span class='ocr_line' id='line_1_7' title="bbox 279 1667 1235 1754; baseline -0.001 -19"><span class='ocrx_word' id='word_1_30' title='bbox 279 1671 454 1735; x_wconf 84' lang='lat' dir='ltr'>citudinem</span> <span class='ocrx_word' id='word_1_31' title='bbox 470 1668 634 1754; x_wconf 88' lang='lat' dir='ltr'>pastoralis</span> <span class='ocrx_word' id='word_1_32' title='bbox 648 1667 741 1732; x_wconf 87' lang='lat' dir='ltr'>officii</span> <span class='ocrx_word' id='word_1_33' title='bbox 757 1690 906 1752; x_wconf 82' lang='lat' dir='ltr'>personas</span> <span class='ocrx_word' id='word_1_34' title='bbox 920 1669 1050 1732; x_wconf 90' lang='lat' dir='ltr'>idoneas</span> <span class='ocrx_word' id='word_1_35' title='bbox 1064 1680 1186 1750; x_wconf 87' lang='lat' dir='ltr'>avocat,</span> <span class='ocrx_word' id='word_1_36' title='bbox 1201 1680 1235 1734; x_wconf 89' lang='lat' dir='ltr'>et</span> 
     </span>
    </p>
   </div>
   <div class='ocr_carea' id='block_1_5' title="bbox 173 1769 1231 1857">
    <p class='ocr_par' dir='ltr' id='par_1_5' title="bbox 173 1769 1231 1857">
     <span class='ocr_line' id='line_1_8' title="bbox 173 1769 1231 1857; baseline -0.001 -21"><span class='ocrx_word' id='word_1_37' title='bbox 173 1797 178 1805; x_wconf 87' lang='lat'><em>·</em></span> <span class='ocrx_word' id='word_1_38' title='bbox 279 1773 325 1836; x_wconf 86' lang='lat' dir='ltr'>cis</span> <span class='ocrx_word' id='word_1_39' title='bbox 340 1770 520 1857; x_wconf 87' lang='lat' dir='ltr'>apostolicae</span> <span class='ocrx_word' id='word_1_40' title='bbox 536 1769 678 1834; x_wconf 88' lang='lat' dir='ltr'><strong>tuitionis</strong></span> <span class='ocrx_word' id='word_1_41' title='bbox 692 1769 852 1856; x_wconf 85' lang='lat' dir='ltr'><strong>impendit</strong></span> <span class='ocrx_word' id='word_1_42' title='bbox 861 1771 995 1856; x_wconf 88' lang='lat' dir='ltr'>gratiam</span> <span class='ocrx_word' id='word_1_43' title='bbox 1009 1782 1042 1834; x_wconf 94' lang='lat' dir='ltr'>et</span> <span class='ocrx_word' id='word_1_44' title='bbox 1056 1771 1231 1835; x_wconf 88' lang='lat' dir='ltr'>munimen.</span> 
     </span>
    </p>
   </div>
   <div class='ocr_carea' id='block_1_6' title="bbox 199 1873 1235 4417">
    <p class='ocr_par' dir='ltr' id='par_1_6' title="bbox 199 1873 1235 4417">
     <span class='ocr_line' id='line_1_9' title="bbox 283 1873 1233 1958; baseline -0.003 -20"><span class='ocrx_word' id='word_1_45' title='bbox 283 1875 420 1939; x_wconf 90' lang='lat' dir='ltr'>Winton.</span> <span class='ocrx_word' id='word_1_46' title='bbox 432 1894 507 1937; x_wconf 85' lang='lat' dir='ltr'>vero</span> <span class='ocrx_word' id='word_1_47' title='bbox 518 1873 651 1936; x_wconf 89' lang='lat' dir='ltr'>ecclesia</span> <span class='ocrx_word' id='word_1_48' title='bbox 663 1895 764 1957; x_wconf 92' lang='lat' dir='ltr'>quum</span> <span class='ocrx_word' id='word_1_49' title='bbox 776 1895 816 1937; x_wconf 89' lang='lat' dir='ltr'>ex</span> <span class='ocrx_word' id='word_1_50' title='bbox 827 1873 971 1938; x_wconf 89' lang='lat' dir='ltr'>absentia</span> <span class='ocrx_word' id='word_1_51' title='bbox 982 1873 1114 1958; x_wconf 91' lang='lat' dir='ltr'>pastoris</span> <span class='ocrx_word' id='word_1_52' title='bbox 1124 1873 1233 1936; x_wconf 90' lang='lat' dir='ltr'>multis</span> 
     </span>
     <span class='ocr_line' id='line_1_10' title="bbox 280 1975 1235 2062; baseline -0.003 -21"><span class='ocrx_word' id='word_1_53' title='bbox 280 1988 313 2042; x_wconf 91' lang='lat' dir='ltr'>et</span> <span class='ocrx_word' id='word_1_54' title='bbox 324 1976 447 2061; x_wconf 85' lang='lat' dir='ltr'>maguis</span> <span class='ocrx_word' id='word_1_55' title='bbox 462 1976 610 2062; x_wconf 89' lang='lat' dir='ltr'>periculis</span> <span class='ocrx_word' id='word_1_56' title='bbox 621 1976 816 2060; x_wconf 90' lang='lat' dir='ltr'>subjaceret:</span> <span class='ocrx_word' id='word_1_57' title='bbox 834 1975 963 2040; x_wconf 90' lang='lat' dir='ltr'>tandem</span> <span class='ocrx_word' id='word_1_58' title='bbox 975 1975 1098 2039; x_wconf 91' lang='lat' dir='ltr'>coelitus</span> <span class='ocrx_word' id='word_1_59' title='bbox 1113 1987 1149 2038; x_wconf 94' lang='lat' dir='ltr'>ut</span> <span class='ocrx_word' id='word_1_60' title='bbox 1164 1996 1235 2060; x_wconf 87' lang='lat' dir='ltr'>spe-</span> 
     </span>
     <span class='ocr_line' id='line_1_11' title="bbox 280 2078 1234 2163; baseline -0.003 -20"><span class='ocrx_word' id='word_1_61' title='bbox 280 2090 369 2143; x_wconf 90' lang='lat' dir='ltr'>ratur</span> <span class='ocrx_word' id='word_1_62' title='bbox 382 2079 412 2142; x_wconf 89' lang='lat' dir='ltr'>ei</span> <span class='ocrx_word' id='word_1_63' title='bbox 427 2079 502 2144; x_wconf 89' lang='lat' dir='ltr'>data</span> <span class='ocrx_word' id='word_1_64' title='bbox 522 2090 570 2142; x_wconf 86' lang='lat' dir='ltr'>cst</span> <span class='ocrx_word' id='word_1_65' title='bbox 585 2078 769 2155; x_wconf 90' lang='lat' dir='ltr'>consolatio,</span> <span class='ocrx_word' id='word_1_66' title='bbox 785 2089 910 2163; x_wconf 87' lang='lat' dir='ltr'>pastore</span> <span class='ocrx_word' id='word_1_67' title='bbox 932 2078 1108 2141; x_wconf 89' lang='lat' dir='ltr'>secundum</span> <span class='ocrx_word' id='word_1_68' title='bbox 1123 2081 1234 2141; x_wconf 91' lang='lat' dir='ltr'>Deum</span> 
     </span>
     <span class='ocr_line' id='line_1_12' title="bbox 281 2180 1234 2266; baseline -0.003 -20"><span class='ocrx_word' id='word_1_69' title='bbox 281 2182 393 2257; x_wconf 89' lang='lat' dir='ltr'>electo,</span> <span class='ocrx_word' id='word_1_70' title='bbox 416 2180 469 2245; x_wconf 88' lang='lat' dir='ltr'>cui</span> <span class='ocrx_word' id='word_1_71' title='bbox 486 2185 609 2265; x_wconf 92' lang='lat' dir='ltr'>justum</span> <span class='ocrx_word' id='word_1_72' title='bbox 633 2193 681 2244; x_wconf 90' lang='lat' dir='ltr'>est</span> <span class='ocrx_word' id='word_1_73' title='bbox 704 2181 730 2244; x_wconf 88' lang='lat' dir='ltr'>si</span> <span class='ocrx_word' id='word_1_74' title='bbox 751 2180 840 2244; x_wconf 89' lang='lat' dir='ltr'>vobis</span> <span class='ocrx_word' id='word_1_75' title='bbox 862 2180 968 2266; x_wconf 90' lang='lat' dir='ltr'>placet</span> <span class='ocrx_word' id='word_1_76' title='bbox 988 2181 1099 2264; x_wconf 85' lang='lat' dir='ltr'>gratiae</span> <span class='ocrx_word' id='word_1_77' title='bbox 1122 2191 1234 2244; x_wconf 88' lang='lat' dir='ltr'>vestrae</span> 
     </span>
     <span class='ocr_line' id='line_1_13' title="bbox 281 2282 1235 2347; baseline -0.003 0"><span class='ocrx_word' id='word_1_78' title='bbox 281 2284 463 2347; x_wconf 86' lang='lat' dir='ltr'>ulteriorem</span> <span class='ocrx_word' id='word_1_79' title='bbox 487 2284 728 2347; x_wconf 87' lang='lat' dir='ltr'>accommodare</span> <span class='ocrx_word' id='word_1_80' title='bbox 751 2283 903 2347; x_wconf 85' lang='lat' dir='ltr'>favorem.</span> <span class='ocrx_word' id='word_1_81' title='bbox 948 2283 981 2347; x_wconf 94' lang='lat' dir='ltr'>Is</span> <span class='ocrx_word' id='word_1_82' title='bbox 1002 2294 1051 2347; x_wconf 92' lang='lat' dir='ltr'>est</span> <span class='ocrx_word' id='word_1_83' title='bbox 1072 2282 1235 2346; x_wconf 89' lang='lat' dir='ltr'>devotissi-</span> 
     </span>
     <span class='ocr_line' id='line_1_14' title="bbox 281 2385 1235 2470; baseline 0.002 -20"><span class='ocrx_word' id='word_1_84' title='bbox 281 2409 352 2450; x_wconf 90' lang='lat' dir='ltr'>mus</span> <span class='ocrx_word' id='word_1_85' title='bbox 383 2385 466 2450; x_wconf 88' lang='lat' dir='ltr'>filius</span> <span class='ocrx_word' id='word_1_86' title='bbox 495 2397 600 2448; x_wconf 85' lang='lat' dir='ltr'>vester</span> <span class='ocrx_word' id='word_1_87' title='bbox 632 2385 703 2448; x_wconf 86' lang='lat' dir='ltr'>Ric.</span> <span class='ocrx_word' id='word_1_88' title='bbox 730 2385 892 2470; x_wconf 87' lang='lat' dir='ltr'>quondam</span> <span class='ocrx_word' id='word_1_89' title='bbox 920 2386 1083 2452; x_wconf 88' lang='lat' dir='ltr'>Pictaven.</span> <span class='ocrx_word' id='word_1_90' title='bbox 1115 2386 1235 2453; x_wconf 79' lang='lat' dir='ltr'>archid.</span> 
     </span>
     <span class='ocr_line' id='line_1_15' title="bbox 281 2485 1235 2572; baseline -0.001 -20"><span class='ocrx_word' id='word_1_91' title='bbox 281 2487 572 2572; x_wconf 39' lang='lat' dir='ltr'>cujus‘elemosynae</span> <span class='ocrx_word' id='word_1_92' title='bbox 584 2485 786 2549; x_wconf 84' lang='lat' dir='ltr'>consolantur</span> <span class='ocrx_word' id='word_1_93' title='bbox 796 2487 944 2551; x_wconf 87' lang='lat' dir='ltr'>ecclesias</span> <span class='ocrx_word' id='word_1_94' title='bbox 953 2498 1133 2551; x_wconf 88' lang='lat' dir='ltr'>sanctorum</span> <span class='ocrx_word' id='word_1_95' title='bbox 1144 2488 1235 2572; x_wconf 89' lang='lat' dir='ltr'>cujus</span> 
     </span>
     <span class='ocr_line' id='line_1_16' title="bbox 280 2589 1235 2677; baseline 0 -22"><span class='ocrx_word' id='word_1_96' title='bbox 280 2589 448 2655; x_wconf 85' lang='lat' dir='ltr'>facultates</span> <span class='ocrx_word' id='word_1_97' title='bbox 462 2601 536 2654; x_wconf 91' lang='lat' dir='ltr'>sunt</span> <span class='ocrx_word' id='word_1_98' title='bbox 555 2611 729 2673; x_wconf 85' lang='lat' dir='ltr'>egenorum</span> <span class='ocrx_word' id='word_1_99' title='bbox 750 2589 900 2669; x_wconf 83' lang='lat' dir='ltr'>subsidia,</span> <span class='ocrx_word' id='word_1_100' title='bbox 917 2591 1007 2676; x_wconf 87' lang='lat' dir='ltr'>cujus</span> <span class='ocrx_word' id='word_1_101' title='bbox 1028 2602 1165 2677; x_wconf 89' lang='lat' dir='ltr'>potestas</span> <span class='ocrx_word' id='word_1_102' title='bbox 1186 2604 1235 2655; x_wconf 88' lang='lat' dir='ltr'>est</span> 
     </span>
     <span class='ocr_line' id='line_1_17' title="bbox 280 2692 1234 2778; baseline 0 -21"><span class='ocrx_word' id='word_1_103' title='bbox 280 2693 519 2757; x_wconf 89' lang='lat' dir='ltr'>firmamentum</span> <span class='ocrx_word' id='word_1_104' title='bbox 530 2692 674 2777; x_wconf 83' lang='lat' dir='ltr'>justitiae,</span> <span class='ocrx_word' id='word_1_105' title='bbox 689 2703 721 2755; x_wconf 88' lang='lat' dir='ltr'>et</span> <span class='ocrx_word' id='word_1_106' title='bbox 733 2692 908 2778; x_wconf 89' lang='lat' dir='ltr'>iniquitatis</span> <span class='ocrx_word' id='word_1_107' title='bbox 919 2693 1151 2758; x_wconf 89' lang='lat' dir='ltr'>exterminatio.</span> <span class='ocrx_word' id='word_1_108' title='bbox 1175 2692 1234 2757; x_wconf 88' lang='lat' dir='ltr'>Est</span> 
     </span>
     <span class='ocr_line' id='line_1_18' title="bbox 280 2795 1231 2881; baseline -0.003 -20"><span class='ocrx_word' id='word_1_109' title='bbox 280 2807 388 2861; x_wconf 91' lang='lat' dir='ltr'>autem</span> <span class='ocrx_word' id='word_1_110' title='bbox 413 2795 461 2860; x_wconf 87' lang='lat' dir='ltr'>vir</span> <span class='ocrx_word' id='word_1_111' title='bbox 484 2800 625 2881; x_wconf 90' lang='lat' dir='ltr'>prudens</span> <span class='ocrx_word' id='word_1_112' title='bbox 650 2798 684 2857; x_wconf 92' lang='lat' dir='ltr'>in</span> <span class='ocrx_word' id='word_1_113' title='bbox 710 2796 862 2875; x_wconf 90' lang='lat' dir='ltr'>consiliis,</span> <span class='ocrx_word' id='word_1_114' title='bbox 887 2795 1040 2860; x_wconf 90' lang='lat' dir='ltr'>discretus</span> <span class='ocrx_word' id='word_1_115' title='bbox 1065 2795 1098 2858; x_wconf 93' lang='lat' dir='ltr'>in</span> <span class='ocrx_word' id='word_1_116' title='bbox 1124 2817 1231 2881; x_wconf 87' lang='lat' dir='ltr'>opera,</span> 
     </span>
     <span class='ocr_line' id='line_1_19' title="bbox 278 2898 1233 2983; baseline -0.002 -21"><span class='ocrx_word' id='word_1_117' title='bbox 278 2899 442 2962; x_wconf 89' lang='lat' dir='ltr'>modestus</span> <span class='ocrx_word' id='word_1_118' title='bbox 464 2898 497 2961; x_wconf 90' lang='lat' dir='ltr'>in</span> <span class='ocrx_word' id='word_1_119' title='bbox 513 2898 621 2973; x_wconf 89' lang='lat' dir='ltr'>verbo,</span> <span class='ocrx_word' id='word_1_120' title='bbox 635 2909 668 2961; x_wconf 91' lang='lat' dir='ltr'>et</span> <span class='ocrx_word' id='word_1_121' title='bbox 689 2898 745 2983; x_wconf 92' lang='lat' dir='ltr'>qui</span> <span class='ocrx_word' id='word_1_122' title='bbox 764 2898 797 2961; x_wconf 93' lang='lat' dir='ltr'>in</span> <span class='ocrx_word' id='word_1_123' title='bbox 813 2899 925 2962; x_wconf 90' lang='lat' dir='ltr'>habitu</span> <span class='ocrx_word' id='word_1_124' title='bbox 937 2910 970 2962; x_wconf 92' lang='lat' dir='ltr'>et</span> <span class='ocrx_word' id='word_1_125' title='bbox 991 2910 1096 2983; x_wconf 86' lang='lat' dir='ltr'>gestu,</span> <span class='ocrx_word' id='word_1_126' title='bbox 1107 2913 1233 2983; x_wconf 92' lang='lat' dir='ltr'>tempe·</span> 
     </span>
     <span class='ocr_line' id='line_1_20' title="bbox 279 3000 1232 3085; baseline -0.001 -20"><span class='ocrx_word' id='word_1_127' title='bbox 279 3002 393 3065; x_wconf 84' lang='lat' dir='ltr'>rentiae</span> <span class='ocrx_word' id='word_1_128' title='bbox 416 3022 562 3064; x_wconf 90' lang='lat' dir='ltr'>normam</span> <span class='ocrx_word' id='word_1_129' title='bbox 584 3000 737 3085; x_wconf 87' lang='lat' dir='ltr'>sequitur,</span> <span class='ocrx_word' id='word_1_130' title='bbox 763 3000 807 3064; x_wconf 89' lang='lat' dir='ltr'>sic</span> <span class='ocrx_word' id='word_1_131' title='bbox 831 3001 871 3064; x_wconf 93' lang='lat' dir='ltr'>ad</span> <span class='ocrx_word' id='word_1_132' title='bbox 896 3001 960 3065; x_wconf 91' lang='lat' dir='ltr'>Dei</span> <span class='ocrx_word' id='word_1_133' title='bbox 985 3001 1107 3064; x_wconf 90' lang='lat' dir='ltr'>cultum</span> <span class='ocrx_word' id='word_1_134' title='bbox 1132 3012 1168 3063; x_wconf 93' lang='lat' dir='ltr'>ut</span> <span class='ocrx_word' id='word_1_135' title='bbox 1191 3022 1232 3064; x_wconf 88' lang='lat' dir='ltr'>ex</span> 
     </span>
     <span class='ocr_line' id='line_1_21' title="bbox 280 3102 1232 3188; baseline 0 -21"><span class='ocrx_word' id='word_1_136' title='bbox 280 3103 379 3167; x_wconf 89' lang='lat' dir='ltr'>animi</span> <span class='ocrx_word' id='word_1_137' title='bbox 399 3102 558 3166; x_wconf 90' lang='lat' dir='ltr'>sententia</span> <span class='ocrx_word' id='word_1_138' title='bbox 579 3102 758 3188; x_wconf 89' lang='lat' dir='ltr'>loquamur,</span> <span class='ocrx_word' id='word_1_139' title='bbox 773 3114 840 3167; x_wconf 90' lang='lat' dir='ltr'>tota</span> <span class='ocrx_word' id='word_1_140' title='bbox 861 3116 970 3168; x_wconf 88' lang='lat' dir='ltr'>menta</span> <span class='ocrx_word' id='word_1_141' title='bbox 991 3125 1159 3168; x_wconf 86' lang='lat' dir='ltr'>conversus</span> <span class='ocrx_word' id='word_1_142' title='bbox 1173 3115 1232 3179; x_wconf 86' lang='lat' dir='ltr'>est,</span> 
     </span>
     <span class='ocr_line' id='line_1_22' title="bbox 282 3204 1232 3292; baseline 0.001 -24"><span class='ocrx_word' id='word_1_143' title='bbox 282 3217 396 3269; x_wconf 91' lang='lat' dir='ltr'>utnon</span> <span class='ocrx_word' id='word_1_144' title='bbox 419 3205 515 3267; x_wconf 90' lang='lat' dir='ltr'>modo</span> <span class='ocrx_word' id='word_1_145' title='bbox 530 3226 586 3267; x_wconf 88' lang='lat' dir='ltr'>sua</span> <span class='ocrx_word' id='word_1_146' title='bbox 608 3204 716 3268; x_wconf 91' lang='lat' dir='ltr'>omnia</span> <span class='ocrx_word' id='word_1_147' title='bbox 730 3205 787 3269; x_wconf 90' lang='lat' dir='ltr'>sed</span> <span class='ocrx_word' id='word_1_148' title='bbox 809 3218 896 3270; x_wconf 90' lang='lat' dir='ltr'>etse</span> <span class='ocrx_word' id='word_1_149' title='bbox 918 3207 1022 3292; x_wconf 91' lang='lat' dir='ltr'>ipsum</span> <span class='ocrx_word' id='word_1_150' title='bbox 1045 3206 1232 3291; x_wconf 90' lang='lat' dir='ltr'>impendere</span> 
     </span>
     <span class='ocr_line' id='line_1_23' title="bbox 199 3306 1233 3395; baseline 0.006 -30"><span class='ocrx_word' id='word_1_151' title='bbox 199 3362 200 3365; x_wconf 74' lang='grc'>,</span> <span class='ocrx_word' id='word_1_152' title='bbox 280 3321 410 3393; x_wconf 91' lang='lat' dir='ltr'>paratus</span> <span class='ocrx_word' id='word_1_153' title='bbox 430 3306 470 3370; x_wconf 91' lang='lat' dir='ltr'>sit</span> <span class='ocrx_word' id='word_1_154' title='bbox 485 3328 542 3392; x_wconf 90' lang='lat' dir='ltr'>pro</span> <span class='ocrx_word' id='word_1_155' title='bbox 561 3306 632 3389; x_wconf 87' lang='lat' dir='ltr'>lege</span> <span class='ocrx_word' id='word_1_156' title='bbox 649 3307 791 3373; x_wconf 90' lang='lat' dir='ltr'>Domini.</span> <span class='ocrx_word' id='word_1_157' title='bbox 837 3308 889 3372; x_wconf 82' lang='lat' dir='ltr'>sie</span> <span class='ocrx_word' id='word_1_158' title='bbox 904 3320 995 3395; x_wconf 86' lang='lat' dir='ltr'>pater</span> <span class='ocrx_word' id='word_1_159' title='bbox 1015 3309 1183 3385; x_wconf 88' lang='lat' dir='ltr'>credimus,</span> <span class='ocrx_word' id='word_1_160' title='bbox 1199 3317 1233 3371; x_wconf 94' lang='lat' dir='ltr'>et</span> 
     </span>
     <span class='ocr_line' id='line_1_24' title="bbox 279 3408 1232 3499; baseline -0.001 -25"><span class='ocrx_word' id='word_1_161' title='bbox 279 3410 388 3474; x_wconf 91' lang='lat' dir='ltr'>multis</span> <span class='ocrx_word' id='word_1_162' title='bbox 402 3420 436 3472; x_wconf 89' lang='lat' dir='ltr'>et</span> <span class='ocrx_word' id='word_1_163' title='bbox 450 3409 543 3472; x_wconf 88' lang='lat' dir='ltr'>certis</span> <span class='ocrx_word' id='word_1_164' title='bbox 554 3408 651 3492; x_wconf 87' lang='lat' dir='ltr'>signis</span> <span class='ocrx_word' id='word_1_165' title='bbox 665 3408 788 3473; x_wconf 89' lang='lat' dir='ltr'>inducti</span> <span class='ocrx_word' id='word_1_166' title='bbox 803 3432 912 3475; x_wconf 87' lang='lat' dir='ltr'>sumus</span> <span class='ocrx_word' id='word_1_167' title='bbox 924 3423 959 3475; x_wconf 93' lang='lat' dir='ltr'>ut</span> <span class='ocrx_word' id='word_1_168' title='bbox 973 3412 1059 3499; x_wconf 94' lang='lat' dir='ltr'>quod</span> <span class='ocrx_word' id='word_1_169' title='bbox 1071 3412 1232 3498; x_wconf 92' lang='lat' dir='ltr'>loquimur</span> 
     </span>
     <span class='ocr_line' id='line_1_25' title="bbox 279 3510 1230 3579; baseline 0.003 -3"><span class='ocrx_word' id='word_1_170' title='bbox 279 3512 455 3576; x_wconf 86' lang='lat' dir='ltr'>credamus.</span> <span class='ocrx_word' id='word_1_171' title='bbox 510 3510 669 3575; x_wconf 88' lang='lat' dir='ltr'>Convenit</span> <span class='ocrx_word' id='word_1_172' title='bbox 696 3510 729 3574; x_wconf 92' lang='lat' dir='ltr'>in</span> <span class='ocrx_word' id='word_1_173' title='bbox 759 3534 834 3575; x_wconf 91' lang='lat' dir='ltr'>eum</span> <span class='ocrx_word' id='word_1_174' title='bbox 864 3512 964 3577; x_wconf 87' lang='lat' dir='ltr'>libers</span> <span class='ocrx_word' id='word_1_175' title='bbox 992 3525 1060 3577; x_wconf 86' lang='lat' dir='ltr'>tota</span> <span class='ocrx_word' id='word_1_176' title='bbox 1090 3514 1230 3579; x_wconf 86' lang='lat' dir='ltr'>Winton.</span> 
     </span>
     <span class='ocr_line' id='line_1_26' title="bbox 278 3612 1230 3700; baseline -0.002 -22"><span class='ocrx_word' id='word_1_177' title='bbox 278 3615 421 3693; x_wconf 88' lang='lat' dir='ltr'>ecclesia,</span> <span class='ocrx_word' id='word_1_178' title='bbox 447 3626 480 3677; x_wconf 91' lang='lat' dir='ltr'>et</span> <span class='ocrx_word' id='word_1_179' title='bbox 501 3612 652 3676; x_wconf 87' lang='lat' dir='ltr'>canonice</span> <span class='ocrx_word' id='word_1_180' title='bbox 678 3613 763 3677; x_wconf 85' lang='lat' dir='ltr'>facta</span> <span class='ocrx_word' id='word_1_181' title='bbox 788 3615 943 3678; x_wconf 90' lang='lat' dir='ltr'>electione</span> <span class='ocrx_word' id='word_1_182' title='bbox 969 3615 1170 3700; x_wconf 88' lang='lat' dir='ltr'>postmodum</span> <span class='ocrx_word' id='word_1_183' title='bbox 1196 3613 1230 3676; x_wconf 89' lang='lat' dir='ltr'>in</span> 
     </span>
     <span class='ocr_line' id='line_1_27' title="bbox 279 3712 1232 3801; baseline -0.002 -23"><span class='ocrx_word' id='word_1_184' title='bbox 279 3715 448 3801; x_wconf 85' lang='lat' dir='ltr'>praesentia</span> <span class='ocrx_word' id='word_1_185' title='bbox 469 3726 575 3778; x_wconf 89' lang='lat' dir='ltr'>nostra</span> <span class='ocrx_word' id='word_1_186' title='bbox 596 3726 630 3779; x_wconf 88' lang='lat' dir='ltr'>et</span> <span class='ocrx_word' id='word_1_187' title='bbox 649 3714 783 3778; x_wconf 88' lang='lat' dir='ltr'>fratrum</span> <span class='ocrx_word' id='word_1_188' title='bbox 805 3726 983 3779; x_wconf 89' lang='lat' dir='ltr'>nostrorum</span> <span class='ocrx_word' id='word_1_189' title='bbox 1006 3716 1111 3797; x_wconf 87' lang='lat' dir='ltr'>regius</span> <span class='ocrx_word' id='word_1_190' title='bbox 1131 3726 1178 3777; x_wconf 91' lang='lat' dir='ltr'>est</span> <span class='ocrx_word' id='word_1_191' title='bbox 1200 3712 1232 3777; x_wconf 87' lang='lat' dir='ltr'>ei</span> 
     </span>
     <span class='ocr_line' id='line_1_28' title="bbox 280 3816 1232 3903; baseline -0.002 -22"><span class='ocrx_word' id='word_1_192' title='bbox 280 3819 374 3883; x_wconf 90' lang='lat' dir='ltr'>datus</span> <span class='ocrx_word' id='word_1_193' title='bbox 388 3840 539 3882; x_wconf 86' lang='lat' dir='ltr'>assensus.</span> <span class='ocrx_word' id='word_1_194' title='bbox 588 3816 681 3895; x_wconf 83' lang='lat' dir='ltr'>Quod</span> <span class='ocrx_word' id='word_1_195' title='bbox 695 3838 795 3903; x_wconf 94' lang='lat' dir='ltr'>quum</span> <span class='ocrx_word' id='word_1_196' title='bbox 819 3816 966 3883; x_wconf 88' lang='lat' dir='ltr'>Dominis</span> <span class='ocrx_word' id='word_1_197' title='bbox 992 3817 1105 3881; x_wconf 89' lang='lat' dir='ltr'>nostris</span> <span class='ocrx_word' id='word_1_198' title='bbox 1119 3816 1232 3900; x_wconf 86' lang='lat' dir='ltr'>legatis</span> 
     </span>
     <span class='ocr_line' id='line_1_29' title="bbox 282 3919 1232 4002; baseline 0 -19"><span class='ocrx_word' id='word_1_199' title='bbox 282 3922 390 3985; x_wconf 85' lang='lat' dir='ltr'>vestris</span> <span class='ocrx_word' id='word_1_200' title='bbox 410 3919 607 3995; x_wconf 90' lang='lat' dir='ltr'>innotuisset,</span> <span class='ocrx_word' id='word_1_201' title='bbox 623 3932 748 4002; x_wconf 87' lang='lat' dir='ltr'>gratum</span> <span class='ocrx_word' id='word_1_202' title='bbox 772 3920 945 3984; x_wconf 89' lang='lat' dir='ltr'>admodum</span> <span class='ocrx_word' id='word_1_203' title='bbox 961 3919 1043 3983; x_wconf 89' lang='lat' dir='ltr'>sicut</span> <span class='ocrx_word' id='word_1_204' title='bbox 1064 3942 1104 3982; x_wconf 86' lang='lat' dir='ltr'>ex</span> <span class='ocrx_word' id='word_1_205' title='bbox 1119 3919 1232 3983; x_wconf 89' lang='lat' dir='ltr'>litteris</span> 
     </span>
     <span class='ocr_line' id='line_1_30' title="bbox 280 4022 1232 4108; baseline 0 -23"><span class='ocrx_word' id='word_1_206' title='bbox 280 4044 390 4085; x_wconf 90' lang='lat' dir='ltr'>eorum</span> <span class='ocrx_word' id='word_1_207' title='bbox 413 4022 612 4108; x_wconf 88' lang='lat' dir='ltr'>percepimus</span> <span class='ocrx_word' id='word_1_208' title='bbox 634 4022 825 4088; x_wconf 88' lang='lat' dir='ltr'>habuerunt.</span> <span class='ocrx_word' id='word_1_209' title='bbox 871 4023 914 4087; x_wconf 88' lang='lat' dir='ltr'>Et</span> <span class='ocrx_word' id='word_1_210' title='bbox 937 4022 1049 4087; x_wconf 91' lang='lat' dir='ltr'>merito</span> <span class='ocrx_word' id='word_1_211' title='bbox 1070 4022 1146 4107; x_wconf 91' lang='lat' dir='ltr'>quia</span> <span class='ocrx_word' id='word_1_212' title='bbox 1168 4043 1232 4085; x_wconf 91' lang='lat' dir='ltr'>nou</span> 
     </span>
     <span class='ocr_line' id='line_1_31' title="bbox 281 4122 1232 4211; baseline 0.002 -24"><span class='ocrx_word' id='word_1_213' title='bbox 281 4122 454 4208; x_wconf 86' lang='lat' dir='ltr'>apparebat</span> <span class='ocrx_word' id='word_1_214' title='bbox 482 4124 562 4187; x_wconf 90' lang='lat' dir='ltr'>alius</span> <span class='ocrx_word' id='word_1_215' title='bbox 590 4124 645 4210; x_wconf 93' lang='lat' dir='ltr'>qui</span> <span class='ocrx_word' id='word_1_216' title='bbox 674 4137 740 4188; x_wconf 89' lang='lat' dir='ltr'>tarn</span> <span class='ocrx_word' id='word_1_217' title='bbox 767 4126 934 4190; x_wconf 89' lang='lat' dir='ltr'>commode</span> <span class='ocrx_word' id='word_1_218' title='bbox 959 4137 1064 4211; x_wconf 91' lang='lat' dir='ltr'>posset</span> <span class='ocrx_word' id='word_1_219' title='bbox 1089 4124 1232 4209; x_wconf 83' lang='lat' dir='ltr'>praelatae</span> 
     </span>
     <span class='ocr_line' id='line_1_32' title="bbox 282 4225 1233 4314; baseline 0 -23"><span class='ocrx_word' id='word_1_220' title='bbox 282 4225 426 4291; x_wconf 83' lang='lat' dir='ltr'>ecclesiae</span> <span class='ocrx_word' id='word_1_221' title='bbox 442 4228 547 4290; x_wconf 89' lang='lat' dir='ltr'>ruinas</span> <span class='ocrx_word' id='word_1_222' title='bbox 561 4227 746 4303; x_wconf 88' lang='lat' dir='ltr'>instaurare,</span> <span class='ocrx_word' id='word_1_223' title='bbox 764 4227 819 4313; x_wconf 90' lang='lat' dir='ltr'>qui</span> <span class='ocrx_word' id='word_1_224' title='bbox 834 4227 1112 4314; x_wconf 84' lang='lat' dir='ltr'>sedisapostolicae</span> <span class='ocrx_word' id='word_1_225' title='bbox 1127 4237 1233 4313; x_wconf 92' lang='lat' dir='ltr'>posset</span> 
     </span>
     <span class='ocr_line' id='line_1_33' title="bbox 283 4328 1232 4417; baseline -0.001 -24"><span class='ocrx_word' id='word_1_226' title='bbox 283 4330 368 4413; x_wconf 88' lang='lat' dir='ltr'>apud</span> <span class='ocrx_word' id='word_1_227' title='bbox 391 4350 447 4391; x_wconf 87' lang='lat' dir='ltr'>nos</span> <span class='ocrx_word' id='word_1_228' title='bbox 470 4344 534 4391; x_wconf 87' lang='lat' dir='ltr'>tam</span> <span class='ocrx_word' id='word_1_229' title='bbox 558 4328 726 4394; x_wconf 87' lang='lat' dir='ltr'>efficaciter</span> <span class='ocrx_word' id='word_1_230' title='bbox 751 4330 885 4395; x_wconf 89' lang='lat' dir='ltr'>solidare</span> <span class='ocrx_word' id='word_1_231' title='bbox 905 4331 1055 4417; x_wconf 85' lang='lat' dir='ltr'>vigorem.</span> <span class='ocrx_word' id='word_1_232' title='bbox 1103 4330 1232 4414; x_wconf 85' lang='lat' dir='ltr'>Suppli·</span> 
     </span>
    </p>
   </div>
   <div class='ocr_carea' id='block_1_7' title="bbox 0 0 1523 5200">
    <p class='ocr_par' dir='ltr' id='par_1_7' title="bbox 0 0 1523 5200">
     <span class='ocr_line' id='line_1_34' title="bbox 0 0 1523 5200; baseline 0 0"><span class='ocrx_word' id='word_1_233' title='bbox 0 0 1523 5200; x_wconf 95' lang='lat' dir='ltr'> </span> 
     </span>
    </p>
   </div>
  </div>
 </body>
</html>
