3034 5200
343 740 406 796 944
609 752 748 797 tonsurs
764 750 1042 795 sausssaurussm
1198 733 1244 812 [s.
1261 752 1295 794 o.

387 901 496 975 Quum
521 925 595 967 vero
614 926 648 967 se
667 903 720 967 die
741 903 886 988 sequenti
910 899 1093 965 Cautuariae
1114 900 1296 986 recepisset,

342 1016 500 1069 venerunt
513 1006 553 1069 ad
569 1028 643 1069 eurn
659 1017 693 1069 et
707 1005 837 1069 alterius
848 1002 1075 1089 archiepiscopi
1085 1014 1118 1066 et
1132 1002 1297 1088 episcopo-

341 1127 411 1169 rum
427 1130 649 1194 suspensorum
662 1108 770 1171 nuncii
786 1108 827 1172 ad
842 1107 951 1171 sedem
963 1104 1161 1191 appellantes
1171 1117 1296 1190 aposto·

341 1205 447 1290 licam,
461 1210 536 1274 licet
556 1211 601 1275 eis
616 1210 836 1276 indubitanter
857 1220 1026 1287 constaret,
1043 1208 1130 1296 quod
1151 1230 1296 1273 summus

340 1311 483 1395 pontifex
511 1336 640 1377 omnem
666 1311 848 1399 appellandi
877 1311 1073 1398 praecluserit
1098 1311 1293 1376 facultatem.

343 1414 511 1481 Venerunt
534 1439 574 1480 ex
598 1416 660 1480 alio
683 1415 783 1480 latere
809 1415 929 1480 domini
956 1415 1038 1498 regis
1061 1413 1211 1478 officiales
1235 1435 1293 1478 suo

340 1531 487 1602 rogantes
503 1520 641 1601 nomine,
656 1531 689 1583 et
703 1519 832 1604 publica
846 1518 1076 1582 denunciantes
1092 1516 1291 1594 auctoritate,

341 1635 375 1686 ut
390 1623 642 1709 archiepiscopus
656 1628 754 1687 latam
771 1623 804 1685 in
815 1621 1086 1707 archiepiscopum
1100 1620 1292 1684 Eboracens.

339 1738 372 1789 et
394 1726 471 1789 alios
492 1729 655 1812 episcopos
677 1725 868 1789 sententiam
891 1724 1057 1799 relaxaret,
1080 1722 1140 1787 nisi
1162 1722 1245 1806 regis
1260 1735 1293 1786 ct

339 1828 428 1912 regni
444 1829 573 1893 decerni
595 1827 692 1891 vellet
707 1828 853 1913 publicus
875 1826 981 1902 hostis,
999 1825 1105 1912 utqui
1127 1848 1209 1890 novo
1224 1825 1290 1910 regi

336 1954 485 1997 coronam
501 1930 692 1995 moliebatur
706 1930 838 1994 auferre.
875 1929 925 1993 Ad
936 1929 1021 2016 quod
1037 1927 1290 2014 archiepiscopus

336 2033 509 2118 respondit,
538 2054 571 2096 se
598 2030 686 2094 nullo
708 2031 804 2094 modo
828 2031 1016 2115 impugnare
1039 2029 1159 2114 regiam
1186 2029 1291 2114 digni·

336 2146 446 2213 tatem,
461 2132 516 2196 sed
533 2131 637 2216 potius
651 2131 743 2208 vires,
759 2153 844 2217 opes,
858 2142 891 2194 et
904 2131 1037 2215 gloriam
1050 2152 1107 2216 pro
1122 2129 1242 2196 viribus
1256 2131 1289 2196 in

337 2234 463 2300 Christo
489 2245 780 2319 augmentaturum.
820 2236 894 2298 Hoc
919 2245 1027 2298 tamen
1054 2233 1142 2297 nulla
1166 2233 1289 2299 ratione

334 2337 496 2423 impetrari
509 2359 609 2423 posse,
619 2337 696 2423 quin
709 2339 859 2401 adversus
870 2347 1115 2423 praesumptores
1126 2337 1289 2423 episcopos

334 2439 476 2505 ccclesiae
499 2461 566 2505 suae
583 2439 740 2525 justitiam
762 2451 979 2527 prosequatur.
1019 2439 1087 2503 Illis
1108 2451 1217 2504 autem
1240 2440 1288 2504 iu·

333 2541 500 2621 stantibus,
527 2541 629 2607 acrius
659 2540 787 2631 adjecit,
817 2541 903 2628 quod
933 2564 991 2628 pro
1020 2541 1287 2611 honoredomini

332 2646 426 2732 regis,
449 2645 525 2710 licet
547 2647 577 2710 ei
603 2644 815 2730 periculosum
843 2656 926 2709 esset
951 2657 984 2708 et
1000 2643 1080 2709 vires
1106 2645 1176 2731 ejus
1192 2666 1287 2711 exce·

332 2751 433 2830 deret,
444 2749 518 2836 quia
525 2748 626 2834 judex
637 2745 768 2812 inferior
779 2748 947 2832 superioris
957 2770 1020 2811 non
1031 2760 1134 2833 potest
1143 2748 1287 2814 relaxare

331 2853 533 2929 sententiam,
558 2863 685 2937 paratus
711 2860 780 2914 erat
809 2850 888 2914 duos
917 2848 1080 2936 episcopos
1110 2851 1285 2929 absolvere,

330 2965 460 3039 recepto
476 2951 562 3037 prius
576 2951 617 3015 ab
633 2950 678 3015 eis
699 2950 873 3015 secundum
891 2973 1011 3015 morem
1035 2952 1178 3017 ecclesiae
1195 2954 1287 3039 jura·

330 3069 449 3134 mento,
467 3055 553 3143 quod
568 3053 688 3119 domini
704 3075 807 3140 papae,
823 3054 877 3140 qui
894 3076 948 3118 eos
962 3054 1116 3139 vinxerat,
1127 3056 1287 3122 mandatis

329 3160 506 3227 obedirent.
539 3157 699 3224 Officiales
709 3168 815 3222 autem
830 3180 892 3221 uon
910 3158 1122 3243 permiserunt
1132 3171 1167 3224 ut
1182 3160 1285 3235 fieret,

328 3264 471 3328 dicantes
500 3260 681 3345 hujusmodi
707 3260 927 3344 juramentum
964 3262 1006 3325 ab
1036 3260 1191 3348 episcopis
1220 3286 1284 3328 non

327 3364 446 3429 debere
456 3362 609 3447 precaturi,
623 3361 697 3446 quia
707 3362 795 3445 regni
808 3363 1052 3428 consuetudines
1063 3364 1284 3449 impugnabat.

329 3463 510 3551 Replicavit
532 3462 573 3527 ad
592 3462 651 3525 hoc
674 3462 929 3550 archiepiscopus
952 3467 1047 3552 quod,
1064 3488 1163 3553 quum
1178 3466 1286 3532 domi-

328 3592 405 3635 num
433 3589 547 3655 papam
574 3564 676 3630 modis
698 3565 847 3630 omnibus
874 3580 969 3632 antea
993 3568 1222 3646 sollicitassent,
1246 3583 1285 3636 ut

326 3695 380 3739 eos
395 3671 571 3737 absolveret
591 3667 750 3734 avinculo
766 3669 989 3748 anathematis,
1005 3693 1069 3757 quo
1084 3671 1180 3737 solius
1197 3672 1285 3738 Can-

326 3791 406 3841 tuar.
430 3773 573 3839 ecclesiae
593 3772 782 3838 auctoritate
808 3774 934 3838 lucrant
957 3774 1111 3855 innodati,
1135 3798 1197 3840 non
1222 3776 1283 3843 uisi

325 3876 466 3966 proestito
476 3876 658 3961 juramento
673 3877 793 3941 absolvi
810 3889 990 3962 potuerunt.
1021 3877 1114 3955 Quod
1134 3878 1159 3941 si
1172 3900 1283 3945 neces·

323 3982 440 4048 sarium
466 3978 526 4042 fuit
554 3978 595 4042 ad
619 3979 711 4043 unius
735 3979 875 4066 episcopi
895 3980 1085 4047 sententiam
1106 3979 1283 4046 dissolven-

322 4086 407 4160 dam,
424 4103 498 4169 quae
513 4081 606 4165 louge
623 4092 670 4145 est
684 4081 840 4148 infirmior
855 4084 960 4148 edicto
978 4082 1095 4148 summi
1110 4083 1281 4169 pontificis,

322 4186 393 4250 luce
410 4183 523 4248 clarius
535 4197 583 4246 est
597 4183 682 4267 quod
695 4184 853 4247 sententia
868 4186 1040 4270 apostolica
1055 4186 1123 4250 sine
1138 4208 1187 4266 eo,
1197 4207 1283 4273 prae-

323 4287 431 4350 sertim
447 4284 586 4369 ajudica
602 4284 753 4362 inferiori,
771 4286 848 4350 solvi
865 4308 928 4350 non
945 4287 1053 4351 debet.
1102 4288 1154 4352 Ad
1169 4287 1280 4374 hujus-

324 4387 410 4451 modi
434 4398 466 4451 et
488 4386 606 4451 similes
628 4387 834 4472 allegationes
856 4388 994 4474 episcopi
1018 4390 1096 4453 moti
1121 4402 1212 4454 sunt:
1235 4404 1280 4468 et,
