3034 5200
307 739 414 819 ll7l.]
472 727 476 740 ¹
566 760 569 765 ·
690 755 865 800 nrrsrona.
1190 739 1254 800 263

301 916 362 983 ret,
377 904 530 969 solidaret
550 904 725 984 caritatem,
740 917 771 968 et
793 904 971 969 obstrueret
995 925 1051 968 ora
1068 905 1250 989 iniquorum

298 1005 355 1092 qui
371 1019 478 1070 sancto
500 1010 568 1072 viro
585 1006 795 1071 detrahebant
812 1007 845 1069 in
864 1007 939 1084 vita,
960 1020 992 1071 et
1010 1006 1084 1069 odio
1106 1029 1248 1091 personae

295 1129 420 1171 causam
444 1108 563 1172 Christi
585 1108 867 1194 persequebantur.
915 1109 996 1185 Quis
1023 1107 1107 1171 enim
1131 1108 1246 1172 amodo

294 1231 398 1274 veram
414 1221 445 1272 et
460 1210 586 1273 fidelem
596 1210 723 1274 dubitet
735 1209 913 1274 doctrinam
925 1209 1124 1295 Christi-qui
1141 1210 1245 1274 uerbis

297 1310 362 1375 suis
385 1311 600 1377 adhaerentem
616 1311 775 1373 hominem
799 1310 890 1373 nobis
903 1323 1015 1374 notum
1041 1324 1130 1374 tanta
1144 1310 1244 1376 felici·

296 1423 362 1475 tate
393 1415 600 1474 remunerat?
628 1411 709 1484 Quis
730 1432 854 1473 causam
884 1409 981 1474 fuisse
1003 1409 1146 1495 iniquam
1177 1411 1248 1489 (nisi

294 1510 518 1594 daemoniacus)
541 1511 633 1586 dicet,
649 1534 724 1596 quae
745 1524 914 1597 patronum
938 1533 1029 1576 suum
1052 1523 1142 1575 tanta
1156 1535 1245 1575 coro-

298 1624 354 1675 nat
368 1610 495 1696 gloria?

339 1711 520 1775 Dubitatur
553 1734 572 1773 a
601 1710 746 1795 plurimis
775 1734 814 1775 an
839 1733 912 1797 pars
941 1711 1061 1776 domini
1090 1734 1181 1797 papae
1211 1716 1244 1776 in

294 1835 359 1897 qua
379 1826 499 1877 stamus
522 1814 562 1877 de
576 1812 705 1900 justitia
725 1817 899 1879 niteretur:
923 1815 978 1878 sed
998 1837 1065 1878 eam
1082 1838 1102 1878 a
1116 1815 1252 1886 crimine

294 1913 471 1978 schismatis
493 1914 650 1998 gloriosus
681 1926 804 2001 martyr
833 1914 982 1990 absolvit,
1005 1917 1063 1999 qui
1087 1915 1113 1978 si
1135 1916 1243 1979 fautor

291 2029 372 2079 esset
393 2016 582 2091 schismatiS,
603 2038 808 2100 nequaquam
833 2015 929 2080 tantis
955 2015 1114 2079 miraculis
1136 2039 1243 2080 corus-

292 2130 386 2181 caret.
433 2119 513 2181 Erat
539 2138 678 2202 namque
703 2116 753 2180 vir
779 2130 875 2182 tantae
901 2116 1092 2202 prudentia,
1115 2132 1151 2181 ut
1179 2139 1240 2180 non

288 2218 381 2281 facile
410 2231 515 2303 posset
544 2241 649 2281 errore
678 2219 824 2304 quolibet
859 2218 1059 2304 supplantari
1088 2219 1121 2282 in
1152 2232 1241 2283 tanto

289 2316 429 2402 periculo
455 2317 641 2380 animarum.
688 2317 827 2380 Mirarer
851 2318 962 2403 itaque
988 2340 1085 2403 supra
1110 2319 1242 2382 modum

290 2440 349 2480 cur
363 2440 437 2480 eum
459 2416 607 2480 dominus
625 2439 709 2502 papa
728 2420 759 2480 in
782 2418 926 2500 catalogo
947 2431 1125 2502 martyrum
1145 2419 1244 2504 recipi

291 2539 354 2581 non
383 2517 581 2603 praeceperit,
611 2517 671 2581 nisi
700 2519 777 2603 quia
806 2521 838 2582 in
873 2519 1082 2583 ecclesiastica
1111 2519 1243 2583 historia

292 2617 406 2702 legisse
422 2641 472 2681 me
487 2617 599 2691 recolo,
617 2617 704 2701 quod
720 2642 822 2704 quum
843 2619 965 2684 Pilatus
981 2622 1075 2684 missa
1090 2618 1241 2683 relatione

292 2718 461 2783 Tiberium
478 2720 635 2782 Caesarem
656 2719 876 2796 consuluisset,
892 2743 932 2783 an
943 2722 1107 2786 Christum
1123 2721 1179 2806 qui
1191 2733 1240 2785 tot

288 2831 320 2884 et
335 2832 425 2885 tanta
440 2821 569 2895 fecerat,
585 2832 615 2885 et
632 2843 651 2883 a
666 2819 813 2905 plurimis
827 2822 992 2886 colebatur
1007 2833 1044 2884 ut
1061 2822 1164 2901 Deus,
1179 2822 1239 2885 coli

285 2935 445 3007 oporteret
462 2935 498 2986 ut
516 2926 641 2987 Deum:
666 2936 795 2987 senatus
810 2923 852 2987 ab
867 2923 1057 3008 imperatore
1072 2923 1236 2989 consultus

212 3048 213 3052 ¹
284 3022 449 3108 respondit
463 3022 631 3086 colendum
646 3022 776 3108 quidem
789 3024 886 3086 fuisse
903 3036 939 3087 ut
952 3026 1070 3104 Deum,
1085 3024 1145 3087 nisi
1160 3032 1237 3110 quia

286 3123 319 3186 id
342 3123 551 3208 provinciales
572 3124 651 3187 citra
672 3137 800 3188 senatus
822 3125 1043 3189 auctoritatem
1066 3147 1239 3213 praesump-

285 3238 398 3289 serant.
444 3228 490 3289 Et
513 3224 644 3310 quidem
664 3227 708 3289 sic
723 3239 805 3289 nutu
822 3225 957 3291 faciente
979 3226 1089 3290 divino
1107 3250 1238 3313 respon·

284 3347 353 3388 sum
377 3338 436 3401 est,
452 3347 491 3388 ne
506 3326 608 3389 deitas
630 3326 763 3405 Christi,
778 3328 871 3413 cujus
891 3349 1006 3391 nomen
1024 3340 1093 3392 erat
1107 3330 1131 3391 J
1134 3328 1234 3394 udaeis

283 3438 315 3490 et
329 3427 480 3510 gentibus
495 3426 748 3512 praedicandum,
764 3440 895 3491 terrenae
909 3431 1060 3513 potestati
1076 3429 1237 3496 rideretur

281 3528 429 3607 obnoxia,
444 3541 476 3593 et
499 3551 568 3593 eam
591 3530 820 3593 emendicatam
842 3529 984 3593 dicerent
1006 3529 1161 3608 infideles,
1176 3533 1233 3617 qui

282 3628 380 3693 velint
410 3629 511 3696 nolint
538 3644 698 3716 coguntur
719 3630 852 3694 audire:
892 3629 1041 3715 quoniam
1073 3634 1234 3698 Dominus

280 3730 436 3812 regnavit,
457 3730 634 3796 irascantur
656 3731 779 3818 populi,
800 3744 832 3795 et
855 3731 978 3796 exultet
1001 3740 1085 3794 terra
1106 3732 1140 3795 in
1170 3756 1237 3819 qua

279 3830 398 3895 Christi
413 3832 570 3896 fundatur
584 3832 722 3896 ecclesia.
770 3833 821 3897 Sic
836 3854 912 3917 ergo
927 3843 1009 3894 nutu
1025 3831 1136 3895 divino
1150 3834 1233 3899 arbi-

280 3943 347 3994 tror
370 3933 511 3996 evenisse
535 3947 571 3998 ut
595 3934 743 4019 martyris
765 3935 863 4019 hujus
884 3932 997 4017 gloria,
1019 3955 1076 3997 nec
1104 3933 1232 3999 decreto

280 4032 450 4115 pontilicis,
463 4056 521 4097 nec
536 4035 640 4098 odicto
656 4036 806 4121 principis
826 4035 1004 4111 attollatur,
1029 4035 1084 4098 sed
1101 4037 1230 4102 Christo

278 4131 439 4214 praecipue
461 4147 588 4198 auctore
608 4137 792 4212 invalescat,
819 4137 913 4222 cujus
938 4136 1099 4211 honorem,
1123 4140 1230 4223 quoad

278 4230 369 4307 vixit,
386 4231 511 4297 studuit
535 4233 678 4311 dilatare,
700 4236 851 4299 honorem
875 4236 994 4303 Christi
1015 4237 1137 4300 salvum
1160 4241 1228 4305 fore

277 4353 400 4416 semper
414 4334 579 4418 expressit.
621 4337 665 4399 Et
683 4336 832 4401 Christus
850 4338 877 4401 ci
895 4337 994 4402 vicem
1010 4359 1072 4401 non
1089 4339 1227 4408 referet?
