3034 5200
289 716 398 795 llus]
675 732 854 778 uersronn.
1178 722 1239 780 195

279 881 366 948 dicat
389 883 528 970 quando.
573 887 658 948 Nam
684 882 802 946 revinci
828 882 947 967 poterit
973 884 1180 967 argumentis,
1202 898 1234 950 et

279 984 345 1048 scio
368 984 457 1071 quod
482 984 515 1048 in
539 983 637 1049 veteri
662 996 852 1048 testamento
876 1005 938 1046 non
966 982 1093 1068 legitur.
1138 985 1233 1063 Quod

280 1084 392 1169 utique
414 1106 477 1148 non
499 1085 671 1150 tacuissent
688 1084 744 1170 qui
765 1084 897 1148 minima
919 1084 1117 1148 retulerunt:
1152 1098 1184 1149 et
1207 1084 1233 1148 si

280 1183 340 1248 hoc
362 1184 477 1271 aliquis
497 1185 575 1250 dicit
597 1184 772 1269 expositor,
795 1185 839 1248 sic
860 1183 994 1248 fortasse
1015 1184 1233 1271 accipiendum

280 1297 340 1365 eat,
354 1297 392 1349 nt
415 1286 563 1351 dicantur
584 1287 694 1350 iecisse
710 1285 798 1371 quod
821 1285 861 1349 de
884 1287 1069 1351 necessitate
1091 1287 1233 1351 mandati

280 1385 384 1450 facere
399 1387 599 1451 tenebantur.
630 1387 713 1450 Nam
728 1385 761 1450 in
773 1386 939 1473 scripturis
953 1387 1068 1452 modus
1084 1387 1234 1473 loquendi

280 1486 514 1564 celeberrimus,
531 1498 568 1551 ut
590 1486 710 1572 aliquid
730 1488 916 1552 enuntietur
938 1487 1122 1573 simpliciter
1144 1487 1232 1571 quod

280 1585 341 1648 nisi
356 1586 417 1649 sub
432 1587 652 1672 alicujusmodi
667 1586 869 1652 distinctione
891 1588 1017 1652 fidelem
1034 1611 1096 1652 nou
1120 1587 1231 1673 recipit

279 1686 486 1752 intellectum.
526 1689 599 1751 Hoc
613 1699 645 1752 et
655 1688 731 1774 jura
746 1689 985 1774 speculantibus
999 1702 1112 1754 notum
1127 1700 1186 1768 est,
1201 1700 1233 1752 et

280 1790 415 1874 vulgato
438 1790 594 1876 probatur
619 1814 691 1854 usu.
739 1791 792 1854 Sic
815 1791 933 1856 dicitur
955 1790 1076 1876 aliquid
1100 1813 1168 1854 esse
1193 1788 1234 1851 de

277 1890 362 1976 jure,
375 1914 478 1977 quum
488 1891 529 1957 de
537 1893 622 1957 facto
632 1903 754 1957 constat
764 1915 832 1956 esse
842 1892 1047 1972 contrarium,
1057 1905 1089 1957 et
1100 1890 1232 1955 eandem

280 2013 347 2056 rem
369 1992 451 2058 alius
472 1994 512 2058 de
531 1995 617 2080 juna,
638 1993 719 2058 alius
741 1993 782 2056 de
807 1993 893 2058 facto
918 1993 1037 2058 dicitur
1062 1991 1231 2078 possidere.

281 2093 401 2158 Scienti
422 2093 523 2178 legem
545 2096 672 2180 loquor,
688 2105 721 2159 et
740 2093 769 2157 ei
790 2092 846 2178 qui
860 2095 1003 2157 nutritus
1022 2106 1053 2156 et
1069 2093 1166 2156 tritus
1186 2102 1233 2154 est

281 2195 461 2258 examinare
476 2216 647 2267 sermones,
662 2206 694 2258 et
712 2193 777 2257 vim
792 2193 969 2280 ponderare
991 2192 1179 2257 verborum:
1208 2191 1234 2254 si

282 2293 354 2377 quis
368 2293 540 2359 celebravit
554 2294 676 2358 Pascha
690 2294 845 2359 nobilius:
869 2295 896 2358 si
910 2294 983 2381 quis
994 2293 1146 2377 piscinam
1161 2315 1234 2356 con-

282 2395 410 2471 struxit,
423 2410 479 2459 aut
495 2394 664 2459 aedificavit
675 2418 769 2480 aquae
781 2396 926 2469 ductum,
942 2408 999 2460 ειη
1015 2394 1093 2481 quid
1108 2394 1234 2458 fortiter

280 2495 373 2559 fecit:
406 2508 462 2560 aut
484 2506 594 2559 contra
617 2495 642 2559 si
664 2497 865 2560 maledicenti
886 2496 1057 2583 perpercit,
1072 2507 1129 2560 aut
1152 2495 1233 2559 servi

281 2595 429 2660 misertus
454 2607 502 2659 est
532 2594 758 2681 delinquentis,
785 2596 845 2661 hoc
874 2611 1040 2663 auctorum
1070 2595 1235 2680 diligentia

281 2697 395 2762 transit
411 2696 452 2761 ad
472 2709 625 2784 posteros.
672 2698 840 2785 Numquid
863 2720 940 2784 ergo
954 2696 1118 2784 probabile
1139 2708 1187 2760 est
1203 2708 1235 2760 et

281 2799 430 2865 credibile
459 2812 507 2864 est
537 2798 623 2887 quod
653 2799 882 2865 solemnitatem
916 2799 1043 2888 jubilaei
1071 2798 1235 2884 potuerint

280 2902 434 2966 reticere?
465 2901 521 2966 ubi
551 2925 661 2988 quaeso
685 2902 804 2987 legitur
827 2904 957 2968 rescissa
982 2900 1146 2965 venditio?
1177 2898 1234 2961 ubi

281 3003 428 3067 restituta
449 3003 642 3068 hareditas?
672 3004 729 3067 ubi
744 3026 907 3069 servorum
925 3002 1080 3088 generalis
1101 3000 1235 3065 emanci-

281 3105 393 3189 patio?
427 3102 485 3167 ubi
512 3124 532 3165 a
554 3102 683 3167 civitate
706 3104 825 3187 refugii
853 3104 1050 3191 proscriptus
1075 3102 1234 3166 homicida

281 3216 354 3289 post
379 3215 513 3267 mortem
539 3203 654 3267 summi
677 3203 835 3290 pontificis
859 3204 1019 3270 invenitur
1040 3206 1073 3269 in
1098 3204 1232 3291 patriam

281 3305 422 3369 redisse?
455 3304 512 3369 ubi
535 3317 592 3370 aut
614 3304 744 3390 quando
767 3304 888 3371 indicta
911 3306 1043 3372 sabbata
1064 3308 1235 3372 celebravit

281 3412 386 3471 terra?
415 3408 508 3471 Certe
527 3407 680 3473 Jeremias
695 3406 786 3472 testis
800 3420 860 3484 est,
879 3408 967 3493 quod
982 3431 1041 3473 nec
1061 3410 1233 3494 septimum

280 3508 518 3575 celebraverunt
524 3521 630 3596 patres
635 3532 760 3575 eorum:
774 3520 805 3575 et
811 3530 912 3596 quum
918 3523 1061 3595 ternpore
1070 3510 1233 3574 sedechiae

283 3607 323 3672 ad
343 3610 616 3676 comminationem
631 3610 850 3697 propheticam
873 3632 906 3673 se
920 3609 961 3673 ad
984 3608 1069 3672 illius
1084 3609 1235 3673 solemnia

281 3712 468 3779 celebranda
496 3735 603 3777 omum
632 3711 773 3776 Domino
792 3712 1002 3793 obligassent:
1032 3722 1065 3773 et
1087 3710 1235 3795 professi·

281 3837 373 3879 onem
401 3814 609 3878 firmaverunt
634 3814 827 3899 juramento,
855 3811 953 3875 verbo
981 3822 1076 3876 tenus
1104 3811 1233 3895 quidem

283 3937 390 3979 servos
405 3927 437 3979 et
449 3914 578 3980 ancillas
593 3915 884 3999 emancipaverunt,
893 3912 947 3976 sed
962 3932 1016 3976 eos
1026 3911 1233 3976 incontinenti

283 4028 510 4080 revocaverunt
527 4020 558 4080 in
583 4015 780 4080 servitutem.
824 4013 905 4090 Quis
919 4036 997 4100 ergo
1017 4013 1137 4088 credat,
1153 4033 1234 4094 prae-

284 4117 391 4180 sertim
408 4117 468 4180 hoc
484 4139 546 4182 non
562 4117 696 4182 docente
711 4117 879 4204 scriptura,
892 4116 979 4203 quod
990 4112 1117 4201 jubilaei
1131 4112 1234 4196 legiti-

280 4238 349 4279 mos
359 4217 513 4299 exequuti
526 4217 589 4281 sint
598 4217 702 4284 ritus?
720 4218 783 4282 Sed
795 4241 853 4282 nec
863 4230 934 4304 post
945 4215 1161 4301 captivitatem
1176 4212 1235 4277 tub

282 4316 388 4381 Esdra
399 4329 430 4381 et
447 4318 682 4384 Neemiadocet
698 4320 866 4406 scripturae
877 4339 977 4383 cauon
992 4338 1046 4381 eos
1057 4315 1118 4377 hoc
1132 4313 1235 4379 habu-

735 4428 789 4485 02
