3034 5200
282 722 392 802 lma]
662 734 841 781 srrsronu.
1211 725 1231 783 a

281 916 352 978 quae
377 892 452 956 fidei
476 900 534 970 est,
557 890 696 955 creditur
721 911 793 954 esse
817 887 1025 972 praestantior,
1047 898 1079 951 et
1101 893 1231 972 procul-

279 996 378 1059 dubio
395 995 513 1078 justior
532 1002 592 1070 est,
607 992 687 1056 adeo
708 991 840 1076 quidem
856 1002 892 1054 ut
913 999 946 1054 et
968 990 1142 1074 prophanae
1157 994 1231 1056 reli·

279 1099 383 1180 gionis
397 1098 544 1160 homines
557 1096 621 1158 hoc
642 1094 935 1158 constantissimum
950 1092 1098 1158 babeant.
1144 1097 1230 1159 Nam

278 1211 312 1262 ct
324 1196 449 1275 Achab,
463 1219 559 1280 quem
582 1197 752 1279 reprobum
773 1195 869 1256 fuisse
892 1204 1028 1270 constat,
1043 1196 1109 1276 regi
1129 1195 1230 1278 Syriae

277 1321 351 1363 eum
373 1299 532 1382 subjicere
546 1298 667 1360 volenti
689 1296 843 1372 servituti,
865 1306 1030 1378 argentum
1053 1306 1085 1358 et
1106 1318 1231 1376 aurum,

280 1423 387 1465 servos
402 1411 435 1464 et
451 1401 593 1478 ancillas,
609 1408 641 1463 et
655 1396 871 1462 omnimodam
891 1399 1133 1481 supellectilem,
1148 1421 1231 1464 uxo·

280 1523 358 1580 rem,
371 1502 457 1564 filios
473 1507 506 1563 et
521 1499 616 1577 filias,
630 1509 662 1560 et
682 1497 811 1562 tandem
827 1518 861 1560 se
882 1497 988 1580 ipsum
1008 1498 1231 1564 incunctanter

283 1600 443 1686 exposuit,
459 1613 491 1665 et
504 1622 563 1684 pro
578 1601 648 1681 lege
663 1599 770 1663 divina
791 1599 952 1663 duntaxat
965 1621 1032 1662 non
1048 1613 1098 1663 est
1113 1603 1231 1666 veritus

283 1705 365 1771 inire
387 1711 557 1765 certamen.
601 1702 707 1773 Quum
731 1701 817 1763 enim
839 1701 894 1763 ille
911 1702 1008 1764 vellet
1027 1703 1158 1765 scrutari
1174 1702 1233 1767 do·

283 1827 371 1868 mum
386 1816 421 1867 ut
436 1803 586 1887 diriperet
606 1805 721 1885 legem,
736 1803 932 1866 contradixit
953 1803 983 1866 ei
1004 1804 1117 1867 Achab
1133 1804 1232 1868 victo·

282 1906 422 1990 riamque
445 1905 626 1987 promeruit.
672 1903 759 1976 Quia
776 1904 837 1966 etsi
857 1904 935 1967 alias
957 1905 1109 1987 reprobus
1126 1907 1176 1968 vel
1198 1907 1231 1969 iu

280 2004 340 2068 hac
363 2013 453 2087 parte
475 2004 653 2067 Dominum
677 2003 855 2080 honoravit,
873 2024 932 2085 pro
954 2024 1019 2086 qua
1038 2024 1114 2086 ergo
1136 2027 1234 2073 causa

280 2103 429 2185 religiose
446 2103 660 2179 contenditur,
676 2103 784 2165 sinon
800 2123 859 2186 pro
881 2103 951 2184 lege
974 2103 1038 2165 Dei
1053 2103 1231 2169 servanda?

281 2226 397 2290 nempe
418 2205 489 2268 haec
509 2205 711 2288 iniquitatem
734 2204 896 2286 prohibet,
911 2221 943 2266 et
964 2206 1145 2287 pastoribus
1167 2208 1233 2270 Ec·

282 2307 1234 2391 clesiaepraescribit,utomuemulciscanturinobedientiam.

282 2408 346 2471 Sed
362 2408 494 2472 fortasse
510 2408 792 2490 Archisynagogus
807 2407 1008 2492 iniquitatem
1021 2409 1121 2485 novit,
1136 2431 1233 2492 quam

284 2510 375 2572 Deus
399 2529 467 2571 non
492 2509 658 2591 prohibet:
692 2518 747 2571 aut
777 2529 871 2591 quam
902 2509 984 2571 nolit
1011 2510 1052 2572 ab
1076 2511 1234 2574 Ecclesiae

283 2611 465 2696 pastoribus
486 2611 657 2693 increpa1i,
680 2621 711 2673 et
733 2611 760 2672 si
783 2610 852 2673 fieri
873 2620 978 2695 potest
999 2611 1143 2675 mandari
1166 2614 1234 2677 vin·

283 2712 389 2777 dictae.
435 2713 532 2776 Hanc
549 2733 625 2775 sane
647 2713 781 2796 Moyses
803 2722 836 2775 et
859 2713 981 2777 Doctor
1002 2716 1144 2795 gentium
1167 2737 1235 2777 non

281 2824 454 2879 noverunt:
478 2814 534 2878 sed
548 2814 721 2899 praetendit
736 2815 814 2898 quia
832 2816 976 2879 Joanues
997 2818 1150 2897 arguebat
1164 2818 1235 2880 He·

282 2916 389 2979 rodem
410 2917 444 2980 in
468 2918 580 3000 spiritu
600 2916 750 2989 lenitatis,
765 2918 913 2981 illicitum
933 2940 1003 2981 esse
1024 2918 1236 2997 denuncians,

282 3031 319 3082 ut
339 3018 444 3081 fratris
468 3019 604 3080 viventis
628 3020 814 3081 abuteretur
842 3040 952 3083 uxore.
1002 3020 1098 3093 Quod
1124 3022 1235 3105 utique

284 3118 397 3190 dicens
424 3139 491 3186 nou
518 3126 583 3179 tam
609 3116 777 3199 imperitiae
804 3139 899 3202 quam
925 3120 1061 3202 ignaviae
1087 3124 1235 3186 solatium

285 3219 406 3300 quaerit,
424 3239 521 3300 quum
540 3226 660 3280 certum
683 3220 724 3281 sit
743 3219 925 3285 Jobannem
948 3223 994 3284 ibi
1011 3244 1077 3286 non
1100 3226 1236 3305 gessisse

285 3340 457 3403 personam
476 3316 648 3401 pontificis,
664 3322 716 3384 cui
738 3321 940 3386 incumberet
962 3327 1115 3388 correctio
1137 3326 1235 3389 delic-

285 3435 399 3500 torum,
415 3420 472 3485 sed
486 3424 644 3505 praeconis
657 3423 757 3502 verbi,
769 3444 869 3506 penes
885 3446 980 3508 quem
996 3434 1065 3489 erat
1079 3427 1238 3491 duntaxat

285 3523 493 3607 gerendorum
509 3524 725 3603 denunciatio,
737 3537 771 3588 et
785 3526 959 3609 increpatio
971 3528 1128 3591 vitiorum.
1159 3530 1238 3591 Heli

286 3625 414 3710 quidem
439 3626 592 3709 corripuit
619 3626 715 3704 filios,
738 3626 795 3689 sed
821 3628 940 3689 affectu
961 3629 1068 3710 potius
1092 3644 1124 3692 et
1148 3651 1239 3692 man·

284 3728 455 3793 suetudine
470 3729 569 3811 patris
585 3751 681 3813 quam
697 3731 866 3792 severitate
882 3742 914 3792 et
929 3731 1116 3795 auctoritate
1131 3734 1238 3816 ponti-

284 3831 366 3894 ficis.
411 3829 474 3892 Pro
496 3831 583 3893 omni
606 3850 682 3912 ergo
705 3830 823 3893 divinae
846 3830 927 3912 legis
949 3831 1083 3895 articulo
1105 3845 1239 3897 conten-

285 3931 427 3999 dendum
448 3943 496 3994 est
509 3942 542 3994 et
555 3931 769 4014 potestatibus
784 3931 1023 3995 ascendendum
1039 3956 1080 3997 ex
1096 3932 1241 4007 adverso,

284 4047 317 4099 et
332 4035 486 4120 quicquid
501 4037 666 4099 caritatem
687 4036 865 4117 impugnat,
881 4057 953 4118 qnae
975 4036 1056 4116 legis
1071 4047 1120 4098 est
1137 4032 1239 4114 pleni-

284 4138 375 4216 tudo,
401 4139 474 4201 totis
497 4138 618 4200 viribus
644 4137 903 4199 subvertendum.
950 4135 1014 4199 Sed
1038 4134 1183 4217 profecto
1206 4131 1239 4194 in

287 4239 418 4319 figuram
435 4238 605 4302 sacerdotii
627 4238 716 4299 Deus
735 4237 854 4298 tribum
877 4237 1051 4298 Leviticam
1067 4252 1086 4291 a
1100 4226 1241 4310 publicis

287 4339 517 4414 functionibus,
529 4338 613 4401 sicut
628 4337 660 4398 in
679 4334 829 4398 Numeris
842 4336 967 4413 legitur,
979 4332 1154 4391 immunem
1170 4345 1242 4391 esse
