3034 5200
284 679 332 739 ,⁴24
548 685 685 733 rasurus
701 683 983 728 sasnsnnnrnssrs
1119 671 1121 675 ’
1149 659 1193 748 [Α.
1212 687 1243 733 n.

292 843 478 927 profectum.
527 837 645 911 Quanti
675 836 761 899 enim
790 835 894 899 facere
925 835 1026 899 debeo
1055 838 1243 901 exercitium

292 944 454 1007 literarum
480 950 513 1003 et
542 938 774 1020 negotiationes
802 936 925 1001 virtutis
950 951 983 1001 et
1011 939 1244 1021 experientiam

294 1042 452 1128 propositi
467 1051 553 1104 reete
575 1039 882 1123 philosophantium,
897 1049 929 1102 et
949 1039 1139 1121 patientium
1156 1040 1247 1102 inno·

293 1155 401 1208 center
416 1152 449 1206 et
462 1163 520 1226 pro
539 1140 710 1204 assertione
732 1141 808 1204 fidei
831 1151 863 1204 et
879 1138 1013 1224 justitiae
1036 1138 1243 1203 defensioue?

294 1245 359 1308 sed
384 1256 417 1308 et
441 1243 516 1306 sorti
542 1249 653 1304 vestrae
679 1243 892 1322 congratulor,
915 1240 1024 1304 audito
1050 1241 1135 1325 quod
1159 1241 1245 1304 inter

292 1346 402 1409 hostes
421 1340 581 1406 Ecclesiae
596 1357 725 1405 auctore
747 1342 891 1406 Domino
914 1341 1048 1423 gratiam
1069 1340 1246 1419 invenistis,

284 1460 328 1512 ut
345 1460 377 1512 et
398 1445 629 1530 temporalibus
645 1443 816 1508 abundetis
839 1443 881 1507 ad
904 1443 1065 1507 materiam
1090 1442 1244 1525 gerendo-

287 1570 373 1626 rum,
388 1558 421 1611 et
438 1545 576 1630 quadam
599 1546 774 1609 litteramm
793 1557 826 1608 et
847 1545 994 1608 virtutum
1011 1544 1243 1627 praeemineatis

286 1648 490 1722 auctoritate,
512 1656 548 1708 ut
569 1644 656 1727 apud
679 1646 833 1708 barbaros
855 1645 942 1727 qnod
967 1643 1119 1708 discretio
1142 1655 1244 1708 vestra

291 1748 466 1824 dictaverit,
480 1757 630 1827 reputent
643 1755 892 1808 sacrosanctum.
933 1747 1052 1808 Verum
1068 1747 1156 1828 quod
1171 1748 1242 1830 plu·

291 1849 362 1912 rimi
382 1846 476 1917 facio,
491 1844 573 1907 illud
596 1856 654 1920 est,
677 1843 765 1926 quod
788 1843 900 1907 odistis
922 1844 1106 1908 Ecclesiam
1128 1848 1241 1929 malig-

291 1946 447 2022 nantium,
466 1953 499 2007 et
520 1954 555 2004 nt
580 1942 676 2004 audio
698 1954 810 2005 contra
831 1941 1053 2006 schismaticos
1073 1944 1107 2006 in
1129 1946 1243 2009 virtute

292 2047 430 2130 Spiritus
456 2044 564 2107 Sancti
590 2043 718 2125 publice
744 2065 803 2126 pro
829 2042 894 2106 fide
919 2043 954 2104 in
979 2046 1066 2108 omni
1096 2047 1242 2110 libertate

292 2145 497 2211 conscientiae
518 2144 696 2227 loquimini,
721 2156 752 2208 et
778 2143 916 2207 scribitis
938 2145 1110 2212 veritatem.
1157 2149 1241 2211 Nam

291 2243 515 2332 profectoubi
536 2246 672 2326 spiritus
696 2245 764 2309 Dei
784 2252 831 2309 est
851 2245 898 2308 ibt
918 2244 1057 2310 libertae.
1102 2251 1172 2313 Nec
1195 2262 1242 2314 est

292 2347 379 2431 quod
412 2347 514 2428 magis
545 2346 773 2430 philosophum
805 2348 919 2412 deceat
956 2371 1052 2433 quum
1083 2346 1242 2433 professio

292 2449 443 2526 veritatis,
460 2447 594 2533 justitia
615 2448 733 2527 cultus,
748 2458 951 2533 contemptus
971 2451 1093 2530 mundi,
1109 2462 1143 2515 et
1164 2472 1241 2535 pau·

291 2552 849 2637 pertatisquumnecesseestamor.
873 2551 1026 2634 Legimus
1035 2552 1243 2637 philosophos

290 2654 388 2737 gratis
402 2666 555 2738 tanquam
569 2650 694 2715 virtutis
707 2651 938 2734 impedimenta
957 2654 1187 2735 contempsisse
1208 2666 1240 2719 et

291 2754 448 2839 abjecisse
464 2751 600 2816 divitias.
645 2752 711 2815 Sed
727 2751 816 2834 quod
837 2752 919 2814 etin
941 2751 1113 2833 gentilibus
1127 2752 1242 2837 aliquis

291 2877 400 2920 eorum
416 2855 567 2940 operibus
588 2852 800 2937 praeposuerit
821 2852 995 2930 veritatem,
1016 2852 1172 2917 hacteuus
1192 2851 1241 2917 iu·

290 2956 435 3019 auditum
457 2970 514 3019 est.
560 2957 600 3017 ln
623 2975 661 3017 eo
683 2976 823 3039 namque
848 2952 946 3017 totius
968 2953 1084 3018 ethicae
1110 2954 1240 3035 gentilis

289 3066 451 3138 praecepta
465 3055 582 3135 rigent,
598 3063 634 3117 ut
649 3054 822 3118 carnalium
843 3054 1009 3137 passiones
1023 3056 1241 3134 affectionum,

291 3177 370 3239 quas
384 3163 550 3236 nequeunt
564 3154 692 3234 penitus
706 3155 904 3236 extinguere,
918 3152 1091 3239 reprimant
1109 3166 1142 3219 et
1163 3158 1238 3220 sub·

284 3257 399 3342 jiciant
420 3254 544 3318 rationi.
590 3253 687 3326 Quod
710 3254 735 3316 si
759 3256 812 3318 cui
835 3256 987 3320 divinitus
1009 3256 1116 3321 datum
1138 3257 1241 3335 fuerit,

292 3356 370 3441 quia
387 3355 430 3419 ad
450 3354 511 3417 hoc
527 3365 640 3418 natura
653 3354 812 3437 impotens
827 3369 883 3435 est,
899 3378 964 3419 non
978 3357 1148 3439 ambigitur
1168 3379 1242 3421 eum

270 3450 377 3519 recte
398 3455 655 3538 philosophantis
670 3454 721 3517 via
743 3454 899 3520 advitam
920 3445 1080 3535 incedere,
1095 3465 1131 3519 nt
1152 3465 1244 3520 aeter-

291 3555 404 3619 naliter
420 3555 524 3619 videat
539 3555 608 3618 dies
621 3556 744 3618 bonos:
775 3565 807 3617 et
821 3544 1026 3638 qnatenus'in
1041 3577 1087 3618 eo·
1102 3556 1240 3641 quisque

291 3656 471 3739 profecerit,
492 3665 623 3721 eatenus
645 3654 687 3719 ad
711 3676 818 3718 veram
843 3656 1081 3740 philosophiam
1104 3658 1239 3722 accedit.

292 3756 401 3837 Unde,
415 3759 493 3841 quia
506 3780 563 3821 vos
585 3757 715 3823 confido
737 3767 823 3821 recte
846 3757 1102 3843 philosophantis
1123 3760 1241 3823 habere

290 3859 501 3945 propositum,
515 3880 605 3942 rogo,
620 3880 735 3921 moneo
750 3867 783 3921 et
804 3857 910 3921 modis
926 3859 1075 3922 omuibus
1096 3860 1239 3937 consulo,

290 3972 326 4026 ut
351 3971 490 4025 errantes
512 3960 666 4023 studeatis
688 3983 708 4024 a
730 3961 900 4024 schismate
925 3981 1084 4037 revocare,
1110 3973 1146 4022 ut
1167 3981 1240 4023 eum

291 4065 459 4147 praeferant
473 4061 606 4137 homini,
622 4083 682 4126 uec
699 4083 734 4126 se
749 4074 835 4125 metu
849 4061 1048 4143 imperatoris
1063 4073 1119 4123 aut
1140 4060 1242 4124 schis-

290 4163 396 4244 matici
413 4161 617 4227 Coloniensis
634 4161 904 4225 circumventione
919 4159 1240 4242 patianturaChristi

288 4287 419 4347 corpore
435 4264 585 4348 separari.
628 4264 711 4328 Nam
727 4264 862 4326 sortasse
876 4281 935 4342 pro
952 4260 1054 4323 salute
1070 4264 1240 4326 multorum
