3034 5200
309 731 417 810 lma]
699 746 876 795 nrtsronm.
1195 737 1257 798 178

303 897 437 980 gloriam
452 897 599 963 exhibuit
612 898 645 963 in
661 899 755 962 domo
770 920 827 962 sua
841 898 1023 963 dolentibus
1038 909 1072 964 et
1085 900 1257 964 detrahen-

302 999 387 1065 tibus
402 1000 521 1079 multis,
541 1003 644 1066 donec
658 999 789 1066 alterins
806 999 965 1086 pontificis
987 1000 1190 1064 miseratione
1206 1022 1256 1065 re-

302 1101 509 1166 stitueretur?
538 1107 609 1183 Quo
635 1102 766 1168 evanuit
788 1113 887 1166 tantae
913 1102 1088 1166 nobilitatis
1110 1102 1256 1187 insigne?

301 1225 375 1289 quae
397 1203 523 1270 nobisa
545 1205 737 1271 nostratibus
758 1205 844 1268 bona
865 1203 916 1267 vel
937 1203 1023 1268 mala
1043 1205 1142 1271 liunt:
1173 1217 1208 1269 et
1228 1205 1255 1268 si

300 1327 440 1392 praesens
465 1325 542 1373 aetas
567 1312 684 1374 mutire
710 1330 774 1372 non
802 1308 929 1383 audeat,
953 1308 1060 1372 sutura
1085 1309 1117 1372 in
1148 1331 1253 1375 aevum

300 1409 406 1474 secula
421 1409 648 1475 decantabunt.
694 1412 765 1474 Nec
786 1409 846 1473 sub
860 1421 1019 1495 praetextu
1036 1411 1115 1495 justi
1138 1425 1254 1495 metus,

300 1511 416 1594 poterit
427 1511 498 1597 quis
512 1511 661 1576 fraternae
673 1511 811 1576 caritatis
826 1512 965 1576 colorare
977 1511 1153 1577 defectum:
1178 1513 1254 1600 quia

299 1634 373 1698 quae
389 1613 495 1698 pelam
511 1613 594 1678 facta
609 1616 703 1700 plena
725 1614 873 1678 videntur
887 1637 955 1679 esse
977 1615 1137 1700 periculo:
1168 1616 1251 1680 clam

299 1714 368 1778 fieri
384 1725 535 1801 poterunt
553 1716 664 1801 majori
680 1717 870 1803 compendio
892 1717 1105 1797 conscientiae,
1121 1739 1180 1781 nec
1203 1741 1251 1783 re-

298 1837 368 1880 rum
384 1816 513 1903 aliquod
529 1819 729 1905 dispendium
745 1818 973 1904 importabunt.
1005 1819 1080 1892 Qua
1095 1830 1162 1882 arte
1177 1819 1251 1883 satis

299 1917 394 1995 novit,
426 1919 568 2005 quisquis
597 1943 660 1986 nou
696 1932 745 1985 est
773 1921 854 1984 adeo
886 1921 1053 2006 resupinus
1082 1931 1118 1983 ut
1146 1920 1251 1985 nullos

296 2031 441 2105 sumptus
456 2020 551 2086 faciat
566 2044 641 2107 rege
657 2021 774 2098 nescio,
791 2027 841 2086 vel
864 2021 932 2086 sine
953 2021 1146 2087 conscientia
1161 2022 1250 2087 dela·

296 2131 409 2189 torum.

324 2365 548 2428 EPISTOLA
570 2366 839 2430 cmxvi-n>
861 2386 1069 2431 wintanuuu
1094 2387 1220 2432 uonwr-

460 2484 593 2528 causum
609 2485 808 2532 anrsconuur.
859 2467 903 2546 [A.
920 2488 952 2533 n.
970 2469 1080 2548 lica]

439 2619 527 2682 Idem
550 2618 705 2683 Willelmo
718 2620 921 2683 Norwiceraai
935 2622 1104 2702 Episcopo.

337 2734 636 2802 Iuruumrssmuum
651 2735 753 2818 officii,
771 2736 859 2822 quod
876 2759 925 2799 me
940 2735 1030 2799 vobis
1043 2735 1157 2799 debere
1171 2759 1246 2822 pro·

289 2835 391 2918 tueor,
405 2837 528 2903 inducit
550 2838 728 2913 necessitas,
748 2861 811 2902 non
830 2852 1042 2924 contemptus.
1089 2838 1245 2903 Voluntas

289 2937 370 3001 enim
398 2939 527 3002 obedire
552 2951 664 3026 parata
691 2954 749 3017 est,
775 2942 801 3003 si
828 2940 1015 3025 obsequium
1041 2939 1244 3005 decreveritis

289 3036 530 3103 admittendum.
577 3040 639 3104 Sed
656 3040 787 3105 fortasse
802 3062 861 3125 pro
876 3054 1018 3124 tempore
1033 3038 1241 3126 dispensatis:

288 3149 331 3211 et,
346 3137 426 3201 dum
445 3138 535 3200 furor
553 3139 587 3201 in
608 3162 703 3203 cursu
720 3152 780 3219 est,
794 3140 985 3204 credendum
1003 3142 1110 3225 potius
1124 3142 1242 3207 ducitis

288 3260 385 3322 quam
399 3238 630 3302 reluctandum.
668 3244 736 3304 Nec
748 3264 809 3325 ego
820 3241 980 3307 eonsilium
993 3242 1139 3328 improbo
1151 3245 1240 3329 quod

288 3339 369 3403 ratio
383 3338 563 3424 prudentiae
580 3335 772 3415 moderatur,
796 3355 831 3406 ut
853 3342 985 3407 utilitati
1009 3346 1192 3430 prospiciat,
1208 3358 1239 3411 et

285 3460 347 3502 non
358 3437 482 3503 deserat
492 3438 700 3516 honestatem.
746 3441 907 3505 Caeterum
918 3442 1118 3527 pergratiam
1133 3446 1194 3509 Dei
1207 3445 1238 3508 in

285 3541 370 3605 brevi
386 3541 532 3605 futurum
550 3555 609 3619 est,
634 3555 670 3606 ut
686 3543 745 3606 hac
761 3543 992 3629 dispensatione
1011 3567 1072 3606 non
1089 3545 1129 3609 sit
1145 3568 1237 3631 opus,

284 3641 358 3725 quia
367 3640 506 3727 procella
514 3643 582 3727 jam
593 3641 767 3719 detumuit,
777 3656 808 3707 et
819 3641 956 3707 ecclesiae
964 3665 1027 3727 pax
1038 3644 1240 3709 essevidetur

283 3744 315 3805 in
324 3743 443 3828 januis.
467 3746 504 3808 lu
519 3747 664 3828 proximo
677 3756 735 3820 est,
746 3758 875 3807 auctore
889 3747 969 3817 Deo,
978 3755 1014 3806 ut
1025 3744 1113 3828 quod
1125 3743 1240 3831 loquor

283 3844 407 3930 plenius
422 3844 607 3909 innotescat.
654 3844 830 3909 Laboravit
845 3848 961 3909 Petrus
975 3858 1007 3908 et
1027 3847 1236 3933 condiscipuli

280 3946 312 4009 in
343 3946 539 4030 remigando,
562 3967 699 4030 quorum
732 3969 814 4011 unus
836 3961 883 4010 est
914 3945 1062 4010 dominus
1085 3950 1236 4012 Cantuar.

280 4039 347 4132 qui,
362 4047 427 4110 suis
446 4048 553 4111 adhuc
575 4060 629 4112 aut
646 4047 749 4131 gentis
764 4048 874 4113 alienae
897 4048 1065 4133 stipendiis
1085 4048 1235 4124 militans,

280 4152 381 4211 totius
394 4150 581 4232 Auglicanae
594 4149 732 4214 ecclesiae
749 4153 846 4215 servit
860 4149 1004 4213 utilitati.
1033 4148 1115 4210 Nam
1132 4168 1235 4229 quum

280 4247 467 4324 obtinuerit,
483 4250 676 4314 redundabit
691 4249 723 4312 in
739 4248 874 4332 gloriam
896 4248 969 4312 Dei.
1016 4246 1234 4331 Triumphum

278 4360 491 4432 consequetur
512 4350 653 4427 ecclesia,
673 4349 778 4413 clerus
800 4348 1028 4428 liberationem,
1048 4359 1080 4411 nt
1095 4347 1235 4434 populus
