3034 5200
337 719 396 776 110
592 728 729 774 soannrs
743 729 1019 778 sanasnnnrurvsrs
1192 712 1237 791 [A.
1254 731 1286 774 n.

331 885 414 958 ticis,
429 903 526 965 quum
542 883 575 945 in
592 904 701 945 eorum
717 883 877 946 consortio
898 894 1021 947 tantum
1040 884 1140 947 virum
1156 885 1287 948 videant

332 982 477 1061 detineri,
503 985 558 1065 qui
585 1005 628 1046 ex
654 983 843 1047 necessitate
868 985 1058 1067 multiplice,
1083 986 1158 1049 dum
1184 987 1218 1048 in
1249 1007 1288 1048 ea

332 1084 515 1148 conditione
530 1096 589 1160 est,
605 1107 638 1149 se
658 1106 720 1148 uec
742 1086 784 1147 ab
806 1086 958 1163 oratione,
972 1107 1033 1150 nec
1049 1108 1069 1150 a
1088 1108 1210 1162 mensa,
1226 1104 1287 1150 nec

331 1187 373 1250 ab
403 1189 514 1250 osculo
543 1186 741 1270 suspendere
766 1196 886 1270 potest,
909 1209 971 1252 nec
999 1189 1039 1250 ab
1062 1188 1133 1251 aliis
1156 1210 1227 1271 quae
1250 1189 1285 1250 in

328 1287 483 1369 religione
493 1287 727 1364 communionis
736 1298 922 1369 argumenta
936 1309 1005 1351 esse
1020 1303 1204 1351 noscuntur.
1228 1289 1285 1365 Et,

331 1387 419 1472 quod
439 1390 523 1452 hauc
546 1408 693 1452 caussam
713 1398 888 1471 praegravat
910 1388 997 1471 apud
1019 1387 1135 1471 ipsum,
1157 1388 1204 1451 illi
1226 1410 1285 1450 vos

331 1484 411 1551 dicit
422 1486 596 1550 adhaesisse
605 1486 821 1565 schismatico,
830 1487 885 1569 qui
895 1488 992 1550 totins
1004 1489 1185 1552 schismatis
1196 1489 1284 1552 faber

331 1601 407 1668 erat,
425 1590 583 1667 incentor,
598 1599 630 1650 et
652 1587 791 1668 signifer,
814 1600 846 1650 et
867 1609 888 1651 a
909 1588 984 1653 sede
1008 1590 1185 1673 apostolica
1206 1611 1283 1654 con-

332 1689 501 1754 demnatus
515 1711 557 1751 ex
572 1690 713 1751 nomine.
743 1689 852 1752 Tertia
864 1700 971 1753 autem
985 1700 1044 1769 est,
1055 1712 1153 1773 quam
1169 1703 1201 1754 et
1215 1712 1286 1773 ego,

330 1791 486 1873 quidquid
508 1791 563 1852 alii
585 1789 704 1862 dicant,
726 1791 899 1853 maximam
922 1803 1011 1874 puto,
1026 1793 1113 1877 quod
1136 1793 1179 1856 ad
1200 1794 1284 1857 Teu·

332 1903 424 1954 tunes
444 1891 623 1965 divertistis,
639 1891 707 1972 qni,
724 1891 808 1955 sicut
822 1889 851 1954 ei
874 1913 1061 1976 persuasum
1085 1906 1145 1972 est,
1159 1895 1187 1958 si
1209 1916 1282 1978 pos·

331 2002 402 2054 sent
413 2004 445 2054 et
458 1990 624 2062 auderent,
634 1990 669 2052 in
681 2011 813 2072 regnum
826 2012 918 2055 suum
930 1994 1067 2057 libenter
1075 1995 1283 2075 insurgerent.

330 2093 386 2169 Et,
401 2091 488 2175 quod
503 2100 639 2174 possunt
654 2103 685 2155 et
700 2091 830 2165 audent,
846 2094 1021 2176 loquuntur
1032 2095 1174 2176 grandia,
1189 2095 1284 2157 minis

331 2203 462 2270 tument,
474 2203 505 2256 et
521 2193 576 2276 qui
591 2193 686 2256 etiam
701 2193 735 2255 in
750 2215 850 2276 regno
866 2195 934 2278 ejus
948 2205 1033 2275 sunt,
1043 2197 1140 2259 immo
1155 2195 1188 2256 in
1204 2195 1283 2258 sede

329 2294 499 2378 quiescunt
521 2294 651 2358 Parisiis
670 2296 884 2372 immorantes,
906 2299 969 2361 hoc
989 2300 1023 2362 in
1039 2319 1077 2362 eo
1095 2297 1284 2381 depretiant,

330 2406 364 2460 ut
379 2396 491 2473 nostis,
506 2396 594 2480 quod
609 2397 743 2460 civiliter
763 2398 839 2463 vivit
854 2399 937 2464 inter
956 2422 1044 2477 suos,
1060 2398 1147 2484 quod
1168 2400 1282 2462 barba·

328 2520 432 2562 rorum
448 2520 534 2562 more
558 2510 725 2582 tyrannum
744 2523 811 2564 non
834 2502 950 2580 induit,
966 2502 1052 2586 quod
1070 2523 1140 2565 non
1160 2501 1283 2566 incedit

330 2621 457 2685 semper
471 2602 661 2665 satellitibus
681 2605 810 2667 armatis
826 2613 946 2687 septus,
961 2605 1065 2687 utqui
1081 2606 1171 2668 timet
1185 2604 1284 2688 capiti

329 2724 397 2767 suo.
428 2704 502 2767 Hos
517 2705 621 2785 gentis
634 2727 739 2770 mores
754 2707 853 2783 novit,
867 2706 906 2769 de
921 2707 971 2769 his
986 2728 1071 2788 saepe
1087 2718 1284 2788 conquestus

330 2816 388 2883 est,
413 2814 447 2869 ut
473 2807 598 2890 opinor,
620 2808 717 2871 etiam
742 2808 841 2870 vobis.
885 2809 930 2869 Et
955 2818 1063 2869 tamen
1088 2807 1284 2888 supplicavit

329 2907 477 2970 dominus
495 2908 736 2972 Cantuariensis
751 2928 802 2970 me
822 2915 980 2990 praesente
1001 2915 1032 2969 et
1047 2906 1175 2970 tandem
1198 2908 1281 2971 obti-

329 3010 408 3084 nuit,
429 3020 465 3072 nt
485 3024 639 3093 quantum
660 3011 701 3074 ad
721 3011 828 3093 ipsum
849 3008 999 3092 pertinet,
1019 3010 1110 3073 licita
1130 3010 1172 3073 sit
1191 3032 1279 3073 revo-

329 3111 412 3174 catio
426 3122 537 3174 vestra.

372 3212 468 3284 Quod
483 3223 590 3276 autem
604 3211 778 3295 adjungitis
793 3214 898 3296 ipsum
910 3214 1035 3277 misisse
1047 3215 1177 3278 domiuo
1189 3236 1282 3297 papae

328 3314 514 3397 rescriptum
534 3315 694 3376 literarum
718 3325 902 3389 vestrarum,
918 3335 984 3378 non
999 3314 1126 3398 quidem
1145 3315 1282 3393 inficior,

329 3415 403 3498 quia
417 3415 446 3477 ei
458 3416 544 3477 bona
558 3412 632 3489 fide,
643 3421 675 3475 et
689 3423 798 3475 nostro
811 3414 905 3477 etiam
921 3414 1027 3476 favore
1039 3415 1280 3479 communicatae

329 3527 411 3580 sunt.
450 3514 516 3578 Sed
530 3511 594 3591 ille,
607 3512 694 3597 quod
709 3512 798 3576 novit
812 3514 976 3595 inspector
991 3513 1145 3593 cordium,
1160 3515 1222 3577 hoc
1239 3515 1281 3578 ad

328 3629 467 3680 vestrum
482 3615 721 3680 incommodum
740 3635 806 3677 non
826 3616 1027 3699 procuravit:
1059 3616 1209 3681 studebat
1223 3638 1281 3700 po-

328 3718 392 3780 tius
406 3728 442 3780 ut
457 3740 580 3782 caussae
597 3740 663 3781 suae
679 3718 881 3802 proficerent,
895 3730 928 3783 et
947 3720 1131 3803 opinionem
1147 3731 1279 3783 vestram

329 3817 414 3901 apud
431 3818 596 3882 dominum
611 3842 727 3905 papam
748 3822 933 3885 relevarent.
978 3823 1118 3886 Volebat
1132 3832 1236 3886 autem
1253 3822 1282 3883 ei

327 3920 539 3995 innotescere,
555 3921 642 4001 qnod
657 3922 738 3985 fides
753 3934 786 3985 et
800 3923 926 3986 devotio
941 3936 1042 3986 vestra
1056 3942 1130 3985 cnm
1145 3921 1282 3983 ecclesia

329 4024 392 4087 Dei
404 4032 436 4087 ct
451 4019 526 4085 sede
542 4023 717 4103 apostolica
733 4035 791 4102 est,
805 4025 883 4087 licet
903 4044 960 4085 vos
974 4044 1016 4086 ex
1031 4020 1279 4104 dispensatione,

329 4148 392 4209 quo
422 4124 546 4188 facilius
582 4144 639 4206 per
668 4136 804 4190 vestram
839 4124 1027 4187 industriam
1056 4133 1280 4187 convertantur

328 4228 429 4290 aversi
441 4225 481 4291 ad
492 4225 646 4289 honorem
656 4226 720 4289 Dei
731 4238 764 4290 et
772 4225 940 4289 utilitatem
952 4223 1119 4287 catholicae
1129 4223 1278 4301 veritatis,

329 4328 370 4390 ad
386 4341 511 4410 tempus
531 4327 593 4392 illis
614 4328 815 4393 cohabitetis.
859 4328 904 4389 Et
924 4326 950 4389 si
972 4326 1069 4408 aliqui
1090 4328 1280 4391 nrrnciorum
