3034 5200
287 711 384 809 ruti]
669 725 850 792 ners'rotn.
1193 730 1232 788 tl

280 897 430 981 poraliter
443 890 508 962 fere
530 895 680 962 universa
697 897 891 963 succedunt:
922 907 955 961 et
977 917 1052 979 spes
1073 907 1121 960 est
1144 895 1233 980 quod

281 997 351 1062 haec
365 997 439 1080 ipsa
457 1018 529 1082 quae
544 997 670 1061 videtur
690 1018 761 1062 esse
777 998 914 1074 vexatio,
929 998 1013 1061 sicut
1033 997 1233 1060 intellectum

277 1100 410 1177 excitat,
420 1101 467 1163 sic
483 1120 563 1164 scrae
577 1099 690 1164 salutis
705 1114 754 1163 est
768 1100 907 1182 paritura
920 1100 1106 1183 profectum.
1145 1097 1232 1162 Illud

279 1207 386 1265 'tamen
412 1201 615 1285 aliquatenus
639 1209 757 1278 moret,
782 1200 872 1284 quod
901 1200 1031 1284 quidam
1057 1200 1232 1263 amicorum

279 1322 375 1384 super
396 1300 580 1366 conditione
602 1322 673 1365 mea
688 1301 834 1364 acerbius
855 1300 1076 1374 sollicitantur,
1091 1307 1125 1362 et
1145 1319 1232 1362 more

279 1401 446 1465 bominum
461 1403 630 1466 carnaliter
642 1411 675 1464 et
688 1410 808 1464 temere
823 1402 923 1484 magis
942 1422 1039 1483 quam
1061 1401 1234 1483 prudenter

281 1513 315 1566 et
330 1523 402 1565 vere
418 1503 602 1577 amantium,
617 1523 703 1586 saepe
717 1512 750 1566 et
765 1503 830 1566 fere
846 1523 972 1585 semper
986 1523 1069 1565 rano
1085 1501 1234 1565 concussi

282 1614 412 1682 terrore,
422 1603 537 1668 timent
548 1603 570 1638 “
580 1605 721 1686 graviora
734 1603 878 1687 pericula
891 1602 1001 1681 veris,”
1013 1613 1046 1665 et
1060 1601 1147 1686 quod
1162 1622 1234 1666 vere

284 1705 386 1787 prosit
407 1715 461 1768 aut
481 1716 606 1785 noceat,
620 1704 821 1768 attendentes
843 1724 967 1787 parum,
987 1703 1054 1767 illic
1076 1702 1235 1786 trepidant

284 1805 343 1868 ubi
364 1827 428 1869 non
450 1815 499 1870 est
519 1806 619 1870 timor.
666 1807 751 1870 Nam
768 1806 928 1890 jacturam
952 1804 1158 1869 conscientiae
1180 1815 1236 1868 aut

283 1905 377 1969 famae
398 1927 601 1992 nequaquam
623 1907 782 1971 subtiliter
802 1916 951 1991 pensant,
970 1918 1003 1970 et
1023 1905 1101 1969 dum
1122 1907 1236 1970 umbra

284 2007 408 2071 virtutis
425 2007 460 2070 in
484 2008 636 2093 opinione
650 2007 817 2071 hominum
839 2017 975 2083 constet,
991 2018 1023 2071 et
1043 2006 1234 2090 nugiloquos

281 2109 401 2173 evitent
425 2109 630 2186 detractores,
653 2131 768 2193 parum
793 2118 906 2174 curant
931 2106 1010 2194 quid
1034 2107 1077 2172 ad
1102 2109 1235 2172 sinceras

282 2210 413 2274 rationis
436 2232 573 2276 examen
597 2212 714 2295 cuique
738 2211 893 2275 debeatur
915 2232 958 2274 ex
981 2210 1103 2273 merito.
1149 2210 1236 2273 Nam

280 2310 409 2394 plurimi
423 2312 535 2375 'talium
549 2311 649 2395 pluris
659 2311 785 2375 faciunt
795 2311 896 2374 videri
911 2318 1008 2396 quam
1019 2331 1089 2374 esse
1103 2311 1234 2373 bonum.

285 2411 351 2474 Alii
373 2412 499 2476 sublata
519 2412 582 2474 sibi
603 2413 824 2495 temporalium
846 2411 991 2476 subsidia
1009 2412 1235 2494 ingemiscunt,

284 2524 357 2596 quae
371 2532 430 2596 per
442 2531 494 2576 me
509 2512 574 2575 illis
588 2513 852 2578 ministrabantur
872 2535 892 2578 a
908 2513 1062 2578 Domino.
1106 2512 1173 2578 Sed
1194 2512 1235 2578 ad

283 2613 472 2697 petitionem
487 2622 692 2697 utrorumque
702 2614 783 2677 ratio
798 2616 944 2678 consulta
953 2615 1137 2699 respondet,
1147 2612 1236 2699 quod

282 2734 357 2777 eum
380 2714 437 2798 qni
459 2714 493 2778 in
507 2736 622 2797 >agone
646 2715 805 2780 Ecclesiae
826 2715 987 2779 Christum
1011 2716 1103 2799 sequi
1126 2714 1236 2797 coepit,

281 2834 340 2878 nec
371 2814 417 2876 rei
449 2814 612 2878 familiaris
647 2814 855 2899 dispensatio,
883 2836 945 2880 nec
979 2814 1078 2899 patris
1106 2815 1235 2877 revocat

281 2914 455 2995 sepultura.
491 2914 610 2977 Fixum
622 2924 671 2979 est
685 2915 776 2989 mibi,
789 2904 861 2977 Deo
872 2925 1013 2993 auctore,
1024 2914 1234 2998 propositum,

282 3024 440 3098 quatenus
457 3016 529 3096 ipse
552 3014 675 3078 dederit
695 3012 873 3080 honestatis
894 3016 1061 3081 formulam
1084 3016 1187 3100 sequi,
1202 3024 1235 3079 et

283 3114 398 3177 animae
417 3116 552 3177 salutem
566 3116 601 3177 in
622 3115 734 3179 mundi
756 3118 947 3182 commercio
970 3139 1037 3181 non
1060 3118 1234 3184 distrahere

285 3214 327 3277 ad
341 3214 419 3277 boni
435 3214 665 3299 cujuscumque
680 3216 817 3300 pretium
831 3220 1025 3303 temporalis.
1061 3222 1137 3303 Ipse
1152 3219 1235 3282 viam

285 3311 409 3390 doceat,
424 3323 457 3375 et
472 3312 570 3377 ducat
585 3335 642 3397 per
655 3315 802 3380 semitam
815 3318 950 3395 virtutis,
965 3332 997 3381 et
1016 3318 1174 3402 perducat
1192 3317 1234 3381 ad

281 3413 407 3476 illorum
423 3415 628 3494 consortium,
643 3418 698 3500 qui
712 3438 770 3500 pro
780 3416 907 3502 justitia
921 3418 1095 3501 patiuntur.
1140 3419 1236 3482 Desi-

282 3514 358 3579 dero
382 3524 501 3595 tamen,
523 3517 551 3579 si
572 3518 661 3581 salva
681 3518 847 3582 honestata
867 3518 939 3581 fieri
959 3529 1079 3602 posset,
1092 3520 1235 3584 reconci-

280 3615 366 3679 liari:
398 3617 478 3679 etin
494 3618 639 3681 ecclesiis
661 3617 777 3701 quibus
798 3619 954 3702 ascriptus
973 3639 1045 3681 sum
1067 3618 1110 3682 ad
1132 3620 1235 3684 hono·

280 3735 346 3779 rem
373 3716 438 3781 Dei
465 3728 498 3780 et·
523 3718 697 3781 amicorum
727 3714 877 3783 solatium
902 3719 1091 3784 ministrare.
1136 3720 1234 3787 Unde

281 3815 449 3881 dilectioni
464 3826 576 3881 vestrae
591 3818 739 3901 supplico
761 3820 912 3903 quatinus
933 3819 1012 3903 quid
1027 3822 1181 3906 expediat
1202 3833 1235 3885 et

281 3915 406 3995 deceat,
430 3939 490 3999 per
519 3916 684 3980 dominum
712 3919 925 3983 Baiocensem
948 3930 981 3983 et
1004 3921 1086 3985 alios
1110 3922 1233 3986 amicos

280 4027 400 4080 vestros
424 4018 591 4100 explorare
614 4025 646 4080 et
666 4018 840 4081 rescribere
862 4039 927 4081 non
949 4020 1136 4101 gravemini,
1157 4038 1234 4099 qua·

280 4125 374 4180 tenus
396 4125 500 4181 tutum
521 4117 627 4195 fuerit,
645 4128 678 4181 et
700 4126 839 4182 vestrum
860 4119 941 4182 mihi
961 4122 1106 4203 praebere
1129 4118 1235 4180 consi-

279 4214 366 4279 lium.
411 4218 486 4282 Hoc
502 4217 585 4281 enim
609 4217 649 4280 de
673 4238 788 4297 genere
810 4239 921 4282 eorum
943 4228 992 4280 est
1016 4213 1233 4300 quaeratione

229 4352 232 4365 2
279 4308 485 4379 humanitatis
506 4316 587 4380 nulli
613 4315 723 4397 negari
749 4314 880 4389 debent,
904 4314 979 4398 quia
1004 4324 1036 4377 et
1062 4331 1234 4395 suppressa

730 4420 787 4476 sit
