3034 5200
295 721 402 800 1162]
677 735 859 781 nmsronm.
1204 723 1245 780 85

288 893 400 956 castris
414 893 449 954 in
463 913 557 956 nares
572 891 641 974 ejus
653 888 843 964 ascenderit,
855 888 996 950 Domino
1010 907 1139 950 manum
1152 907 1243 950 suam

287 993 482 1057 extendente
505 1013 699 1076 supereum,
714 989 857 1052 nondum
881 1000 988 1051 tamen
1007 988 1106 1051 voluit
1127 1009 1242 1068 agnos·

288 1116 360 1157 cere
390 1107 423 1158 et
452 1093 601 1158 confiteri
631 1112 766 1155 errorem
800 1112 905 1152 suum.
955 1089 1104 1170 Erigatur
1132 1089 1240 1172 itaque

289 1196 426 1278 Spiritus
453 1205 567 1272 vester,
590 1193 740 1278 quoniam
767 1191 914 1255 Christus
941 1191 1049 1265 vincit,
1071 1201 1185 1271 regnat
1211 1201 1242 1252 et

289 1297 435 1378 imperat,
458 1308 491 1361 et
519 1294 703 1359 recordatus
731 1314 909 1376 pauperum
939 1313 1067 1355 suorum
1097 1299 1244 1374 potentes

290 1398 406 1481 impios
422 1397 585 1480 potentius
600 1405 737 1476 torquet.
768 1394 891 1456 Valere.

291 1766 511 1831 EPISTULA
527 1765 816 1831 comit-m
830 1783 985 1849 rosunum
1001 1783 1244 1832 rrcmvmusmr

530 1885 727 1931 umscorum.
776 1865 998 1948 [r.n.1167.]

329 2052 461 2115 Amicus
475 2051 595 2112 amico:
624 2049 721 2112 cerba
737 2049 857 2111 domini
874 2049 1122 2113 Cantauricnais
1136 2070 1210 2113 cum

469 2153 584 2232 legatie
597 2152 685 2213 irater
702 2151 877 2214 Girortium
891 2157 923 2212 et
942 2149 1066 2212 Trium.

336 2321 425 2391 Qum
448 2330 478 2382 te
501 2339 598 2401 snper
620 2328 705 2381 statu
727 2317 884 2395 ecclesiae,
908 2327 940 2379 et
961 2316 1136 2400 impetrata
1158 2319 1245 2399 lega-

292 2420 389 2483 tionis
404 2429 521 2482 eventu
536 2415 706 2481 sollicitum
723 2439 873 2481 essenon
897 2419 1036 2499 ambigo,
1053 2417 1091 2481 ad
1110 2428 1244 2482 tuamet

289 2522 427 2584 ‘aliorum
457 2522 562 2583 Deum
594 2521 774 2583 timentium
804 2521 1057 2584 consolationem
1086 2520 1156 2585 haec
1186 2523 1245 2586 tibi

295 2621 462 2685 succincta
491 2621 646 2684 brevitate
677 2622 787 2685 censui
816 2622 1050 2705 perscribenda.
1110 2625 1244 2687 Noveris

292 2723 402 2807 itaque
414 2722 579 2786 dominum
590 2721 902 2801 cantuariensem,et
912 2725 1084 2786 nonnullos
1096 2723 1137 2786 de
1149 2744 1245 2787 coex-

290 2824 397 2887 ulibus
413 2824 489 2900 suis,
504 2823 537 2884 in
555 2835 668 2887 octava
683 2822 771 2886 beati
786 2823 919 2887 Martini
933 2823 1016 2887 inter
1026 2823 1203 2887 Gisortium
1213 2835 1246 2886 ct

290 2924 580 2988 Triamaccessisse
588 2923 629 2986 ad
641 2920 840 3006 colloquium
847 2925 1032 3005 legatorum.
1055 2926 1244 2997 Quumrero

291 3026 341 3087 illi
363 3026 462 3088 multa
476 3024 719 3108 proposuissent
741 3024 783 3087 de
806 3025 936 3088 caritate
959 3025 1080 3089 domini
1098 3048 1190 3110 papae
1212 3038 1245 3089 et

293 3124 509 3187 sollicitudine
524 3124 636 3202 nostri,
651 3145 746 3206 quarn
763 3124 915 3188 attentius
930 3125 1010 3206 gerit
1025 3124 1064 3188 de
1080 3127 1244 3189 laboribus

292 3225 434 3307 ipsorum
446 3234 478 3285 et
493 3222 616 3286 itineris
631 3220 793 3305 periculis,
806 3222 847 3287 de
862 3222 1079 3305 magnitudine
1091 3226 1246 3309 principis

292 3334 323 3386 et
338 3323 527 3387 necessitate
542 3324 696 3396 ecclesiae,
709 3323 749 3386 de
765 3324 887 3388 malitia
901 3327 1061 3407 temporis,
1082 3325 1122 3389 de
1138 3347 1245 3390 amore

291 3432 323 3488 et
345 3422 523 3499 beneficiis,
546 3423 665 3505 quibus
687 3423 835 3487 dominus
857 3446 916 3487 rex
937 3436 1134 3508 praevenerat
1157 3426 1242 3490 Can-

291 3524 494 3600 tuamensem,
508 3533 540 3585 et
562 3522 602 3585 dc
618 3523 738 3587 honore
761 3545 858 3606 quem
881 3524 912 3587 ei
935 3545 1061 3607 semper
1082 3526 1242 3601 exhibuit,

294 3625 482 3710 adjecerunt
496 3623 591 3688 etiarn
613 3627 758 3706 querelas
780 3637 812 3688 et
831 3625 975 3708 injurias,
990 3626 1108 3708 quibus
1128 3646 1187 3688 rex
1208 3648 1243 3689 se

291 3728 403 3788 laesum
426 3746 496 3787 esse
518 3746 538 3787 a
553 3724 779 3788 Cantuarieusi
802 3726 1016 3808 conqueritur,
1030 3727 1200 3809 imponens
1214 3728 1245 3792 ei

293 3840 326 3891 et
345 3828 429 3890 inter
452 3836 577 3903 caetera,
599 3827 685 3910 quod
708 3828 739 3889 ei
762 3828 960 3891 excitaverat
989 3850 1133 3909 guerram
1161 3832 1245 3911 regis

291 3930 495 4005 Francorum,
522 3938 700 4010 quaerentes
730 3930 899 3992 consilium
931 3928 1092 4013 quomodo
1122 3938 1244 3993 tantam

291 4030 544 4111 indignationem
579 4031 704 4112 placare
740 4043 896 4112 possent:
934 4032 1011 4112 quia
1044 4031 1113 4092 sine
1143 4029 1244 4093 multa

291 4130 482 4208 humilitate,
509 4141 541 4192 et
570 4130 801 4205 moderatione,
825 4140 857 4193 et
886 4132 1087 4199 exhibitione
1110 4126 1243 4194 honoris

293 4242 446 4295 noverant
476 4233 571 4295 tantis
606 4234 757 4314 periculis
792 4232 968 4294 remedium
1003 4222 1147 4292 adhiberi
1177 4247 1247 4295 non

295 4350 398 4413 posse.
454 4326 694 4397 cantuariensis
718 4353 791 4396 rero
821 4334 855 4393 in
878 4332 964 4395 omni
994 4328 1184 4399 humilitate,
1215 4343 1250 4397 et
