3034 5200
293 710 407 790 llos]
660 727 838 774 arrsrosa.
1188 710 1247 768 165

288 983 511 1049 EPISTOLA
527 981 793 1046 CCLX11.-no
803 997 1045 1042 usorsrasruu
1058 997 1240 1042 annuarum

505 1101 751 1148 saxovransmr.
801 1080 846 1160 [A.
863 1102 895 1142 n.
914 1081 1025 1156 1168]

286 1237 356 1300 Suo
373 1238 545 1302 Benedicta
564 1257 642 1301 sutas
658 1239 841 1299 Gratianus
855 1236 991 1298 salutem
1007 1244 1038 1298 et
1053 1235 1239 1299 benedictio·

625 1357 698 1400 nera
714 1358 735 1399 α
751 1337 900 1399 Domino.

332 1474 421 1544 Qum
443 1469 502 1534 tibi
523 1470 728 1555 praesentium
750 1468 885 1554 portitor
905 1468 1030 1555 plenius
1053 1481 1148 1534 notus
1177 1484 1237 1547 est,

286 1571 380 1656 plura
409 1569 511 1634 relatu
537 1570 634 1654 digna
657 1570 817 1634 schedulae
840 1569 1039 1649 subtrahens,
1067 1571 1141 1634 fidei
1168 1573 1238 1657 ejus

287 1669 427 1734 commisi
440 1670 499 1735 tibi
511 1669 663 1735 secretius
672 1669 857 1734 intimanda.
881 1674 999 1734 Verum
1013 1675 1090 1756 quia
1101 1671 1141 1734 de
1151 1685 1238 1738 statu

287 1770 416 1854 publico
438 1769 575 1834 ecclesiae
590 1781 622 1832 et
638 1768 859 1854 regn'upariter
875 1769 1094 1848 sollicitamur,
1114 1784 1238 1835 utrum-

287 1894 351 1957 que
374 1872 432 1936 tibi
462 1871 619 1936 succincta
649 1871 803 1934 brevitate
831 1871 1020 1955 perstringo.
1067 1870 1238 1957 Inprimis

287 1996 362 2058 ergo
391 1974 526 2049 noveris,
550 1972 636 2059 quod
668 1971 877 2036 heresiarcha
901 1972 1078 2036 Cremensis
1108 1985 1140 2038 et
1171 1997 1236 2037 cre-

287 2074 420 2139 mandus
431 2075 558 2140 clausus
574 2086 619 2138 est
632 2074 666 2136 in
683 2075 790 2136 Turre
808 2072 961 2156 Stephani
972 2073 1164 2153 Theobaldi,
1179 2096 1238 2138 nec

286 2175 381 2264 audet
392 2176 511 2260 egredi,
521 2176 676 2259 timetque
689 2173 843 2259 usquead
856 2185 990 2237 mortem
1002 2174 1236 2240 innovationem

287 2290 478 2354 senatorum,
488 2278 584 2361 quiin
595 2275 733 2340 calendis
745 2275 981 2340 Novembribus
993 2277 1082 2340 urbis
1094 2279 1235 2362 regimen

286 2379 445 2463 accepturi
468 2390 551 2441 sunt.
598 2377 681 2439 Nam
704 2377 870 2460 praesentis
898 2377 972 2440 anni
1001 2390 1170 2453 senatores,
1198 2393 1234 2443 ut

286 2479 429 2561 captivos
451 2500 526 2541 suos
547 2477 725 2540 decarcere
739 2477 939 2562 imperatoris
959 2481 1129 2563 eriperent,
1154 2481 1235 2543 Gui-

286 2577 400 2642 donem
414 2580 615 2644 Cremensem
629 2591 816 2664 receperunt
830 2579 917 2665 apud
927 2579 1077 2644 Sanctum
1093 2584 1236 2658 Petrum,

285 2692 317 2744 et
332 2680 365 2743 in
375 2684 503 2766 regione
515 2681 776 2766 Transtyberina,
786 2681 814 2743 ei
824 2682 982 2766 juratoria
990 2682 1135 2745 cautione
1147 2705 1235 2747 secu·

286 2783 411 2847 ritatem
434 2796 631 2869 praestantes.
677 2784 813 2846 Romam
838 2805 913 2847 vero
927 2783 955 2847 ei
979 2806 1142 2868 nunquam
1160 2787 1235 2850 sub-

280 2886 379 2971 jicere
394 2896 580 2970 potuerunt,
595 2898 639 2961 et,
654 2896 689 2947 ut
705 2884 830 2969 opinor,
847 2906 903 2947 nec
924 2883 1102 2948 voluerunt.
1148 2889 1233 2952 Novi

286 3009 361 3049 vero
377 2999 535 3050 senatores
549 2985 677 3048 domino
693 3007 784 3069 papae
801 2985 987 3048 Alexandro
1001 2985 1118 3051 facient
1134 2988 1233 3052 fideli-

286 3100 395 3164 tatem,
416 3096 448 3149 et
469 3100 505 3149 ut
527 3085 678 3161 creditur,
701 3099 830 3150 auctore
852 3088 935 3165 Deo,
955 3087 1117 3152 schismati
1139 3093 1235 3155 finem

286 3188 420 3251 dabunt.
468 3185 539 3249 Hoc
562 3186 644 3249 enim
667 3186 789 3250 diutius
811 3198 980 3251 tractatum
997 3201 1055 3264 est,
1079 3204 1111 3252 et
1127 3192 1235 3259 multis

286 3288 446 3352 firmatum
472 3285 670 3372 juramentis.
699 3287 899 3359 ,Cardinales
920 3288 1054 3353 redeunt
1084 3296 1233 3373 revocati,

286 3411 348 3453 non
364 3389 430 3453 sine
445 3387 629 3451 confusione
644 3388 842 3473 prenitentes,
856 3401 888 3453 et
903 3405 1131 3475 conquerentes
1145 3419 1178 3459 se
1193 3396 1235 3460 ad

284 3489 367 3573 regis
387 3488 584 3550 voluntatem
606 3486 699 3550 nimis
718 3510 857 3551 caussam
880 3487 1018 3551 ecclesiae
1035 3490 1235 3573 depressisse.

285 3592 379 3656 Alter
394 3589 476 3653 enim
491 3611 612 3667 eorum,
628 3589 774 3654 videlicet
798 3589 972 3674 Papiensis‚
986 3590 1015 3652 ei
1036 3589 1068 3651 in
1084 3594 1233 3659 omnibus

284 3691 419 3765 adstitit,
435 3690 534 3753 altero
549 3713 677 3775 quoque
699 3690 862 3755 remissius
876 3701 1001 3774 agente,
1021 3711 1118 3773 quam
1134 3704 1232 3759 tantae

286 3792 528 3880 exspectationis
557 3804 589 3855 et
619 3792 685 3875 spei
714 3791 873 3856 hominem
910 3789 1073 3856 decuisset.
1135 3792 1232 3861 Unde

282 3896 388 3959 literas
402 3893 484 3971 illas,
499 3892 539 3955 de
559 3892 679 3977 quibus
695 3914 749 3955 rex
770 3892 937 3977 gloriatur,
956 3890 1075 3955 domini
1092 3896 1233 3959 Cantua-

283 3996 392 4059 riensis
408 4005 596 4080 potestatem
608 3994 800 4073 cohibentes,
815 3993 915 4056 donec
929 3992 1036 4055 redeat
1048 3993 1080 4054 in
1095 3995 1232 4075 gratiam

285 4096 366 4180 ejus,
394 4105 514 4159 constat
545 4093 604 4157 hac
633 4106 702 4158 arte
730 4092 828 4155 fuisse
849 4093 1045 4176 impetratas.
1090 4092 1230 4159 Noverat

286 4204 478 4257 memoratus
501 4193 663 4277 Papiensis
685 4192 847 4255 dominum
871 4188 1131 4255 cantuariensem
1151 4191 1234 4256 obti-

284 4292 391 4357 nuisse
408 4292 451 4356 ab
470 4292 643 4379 apostolica
664 4293 750 4373 sede,
773 4302 809 4368 ut
824 4290 853 4354 ei
868 4289 975 4352 liceret
991 4290 1022 4351 in
1038 4300 1135 4374 caput
1151 4292 1235 4379 regis
