3034 5200
251 714 357 796 llos]
631 729 810 776 nersronn.
1140 719 1196 777 191

247 906 406 969 praesumo
431 884 472 947 de
498 881 629 955 meritis,
653 880 707 944 sed
733 881 775 944 de
801 879 1015 946 misericordia
1040 882 1121 966 ejus,
1143 884 1201 969 qui

245 986 354 1050 fideles
369 1009 429 1050 non
449 985 572 1072 patitur
595 984 744 1070 temptari
768 1006 866 1070 supra
887 983 921 1048 id
945 983 1033 1070 quod
1055 1000 1199 1069 possunt.

246 1088 428 1152 Meruimus
443 1087 591 1151 duriora:
616 1085 670 1150 sed
687 1084 902 1148 misericordia
917 1084 985 1170 ejus
999 1084 1082 1148 circa
1100 1087 1202 1171 poeni·

247 1199 349 1253 tentes
372 1188 535 1252 consuevit
557 1186 769 1273 praejudicare
786 1184 920 1271 judicio.
964 1187 1076 1250 Unum
1092 1200 1200 1253 autern

246 1302 292 1354 est
311 1291 398 1377 quod
415 1289 659 1376 supramodum
675 1291 785 1366 miror,
799 1287 968 1352 nonnullos
982 1311 1049 1352 esse
1069 1290 1101 1353 in
1117 1290 1202 1354 clero

247 1393 301 1476 qui
317 1414 405 1455 more
425 1394 448 1455 J
451 1392 617 1455 udaeorum
633 1389 898 1476 conspiraverunt
913 1413 985 1453 cum
1001 1389 1199 1477 principibus

247 1494 446 1558 sacerdotum
461 1495 494 1558 in
517 1492 687 1579 perniciem
705 1493 775 1577 ejus
796 1494 854 1577 qui
869 1491 956 1556 solus
977 1493 1101 1557 laborat
1123 1494 1200 1559 exul

245 1608 277 1660 et
290 1597 498 1683 proscriptus,
508 1595 672 1682 expositus
681 1606 835 1678 tanquam
848 1595 1024 1677 signumad
1037 1599 1198 1681 sagittam,

248 1711 284 1762 ut
299 1711 390 1764 eruat
405 1723 458 1763 eos
472 1723 491 1762 a
506 1696 711 1763 tribulatione
731 1695 888 1759 malorum
904 1707 936 1760 et
951 1695 1070 1763 dolore.
1116 1699 1199 1762 Nam

247 1801 395 1865 dominus
412 1804 562 1865 Cantuar.
578 1821 776 1863 communem
791 1799 932 1862 omnium
948 1811 1099 1885 procurat
1112 1800 1198 1864 utili·

247 1915 356 1979 tatem,
386 1927 445 1991 pro
475 1903 621 1968 libertate
656 1901 795 1966 ecclesiae
830 1902 973 1980 dimicat,
1002 1915 1124 1988 pugnat
1157 1903 1199 1967 ad

245 2006 372 2083 bestias,
384 2006 569 2092 sanguinem
582 2003 749 2068 sacerdotii
761 2003 920 2068 sitientes:
944 2027 1036 2067 suum
1053 2018 1086 2069 et
1099 2007 1197 2070 totius

242 2106 364 2190 generis
376 2106 424 2170 sui
436 2108 621 2191 sanguinem
634 2104 765 2168 minoris
776 2103 851 2168 fecit
867 2126 964 2188 quarn
977 2125 1104 2168 causam
1121 2105 1197 2182 Dei,

244 2207 321 2270 dum
337 2207 439 2293 legem
461 2206 561 2291 ipsius
576 2204 616 2268 ad
636 2204 867 2269 subvertendas
881 2204 972 2268 fictas
993 2215 1050 2268 aut
1071 2204 1199 2269 inolitas

244 2308 416 2391 pravitates
431 2319 612 2372 constanter
627 2328 723 2370 ansus
737 2321 786 2368 est
805 2304 958 2391 profiteri.
1005 2304 1077 2370 Suis
1092 2308 1199 2371 hacte-

244 2431 304 2473 nus
315 2421 347 2473 et
359 2421 581 2473 extraneorum
594 2407 762 2493 stipendiis
773 2407 932 2472 militavit.
968 2408 1012 2473 Et
1023 2407 1057 2472 in
1069 2408 1199 2472 ecclesia

245 2510 425 2594 Anglicana
446 2511 518 2594 quis
540 2521 588 2573 est
610 2509 637 2573 ei
661 2509 813 2594 adjutor?
855 2511 990 2575 Restant
1016 2510 1111 2595 plura
1132 2523 1199 2575 tuae

245 2610 373 2698 quidem
403 2611 666 2676 communicanda
693 2610 866 2691 dilectioni,
892 2611 946 2676 sed
977 2635 1035 2677 suo
1063 2612 1196 2697 tempori

247 2726 457 2778 reservantur.

245 3018 466 3081 EPlSTOLA
487 3016 1017 3082 CCLXXXII.-aoruasr1num
1032 3034 1198 3079 nnaconr.

615 3120 660 3198 [Α.
673 3136 703 3180 n.
723 3119 831 3198 llos]

503 3274 591 3337 Idem
613 3275 771 3337 Turatino
786 3275 825 3339 de
839 3274 939 3339 Acoll.

284 3414 398 3475 Ptnnn
413 3420 487 3472 sunt
501 3406 622 3490 (amice)
635 3430 709 3493 quae
721 3421 862 3473 nostram
876 3422 1067 3496 perpetuare
1078 3410 1197 3478 debent

241 3511 414 3585 caritatem,
430 3522 463 3573 et
484 3509 658 3573 officiorum
683 3509 897 3588 sedulitatem,
919 3512 985 3575 sine
1008 3535 1072 3597 qua
1094 3513 1198 3576 virtus

241 3614 388 3678 amicitiae
397 3635 459 3676 non
473 3612 627 3692 subsistit,
637 3613 728 3678 nobis
738 3625 886 3698 potenter·
898 3612 1051 3695 ingerere.
1086 3614 1197 3678 Primo

243 3727 403 3780 contracta
418 3712 617 3777 familiaritas
632 3735 671 3775 ex
687 3714 854 3777 convictu:
886 3712 1001 3775 deinde
1015 3711 1104 3778 initae
1121 3714 1199 3800 jura

155 3885 159 3891 ,
241 3816 409 3894 societatis,
425 3813 553 3900 quando
568 3814 671 3881 multo
694 3826 836 3901 tempore
852 3812 912 3875 sub
927 3811 1044 3876 eisdem
1060 3813 1198 3881 dominis

241 3916 475 3981 militabamus:
514 3928 676 4000 postremo
701 3915 788 3999 quod
813 3914 862 3977 vir
886 3917 1069 3979 meritorum
1094 3914 1197 3981 titulis

242 4018 327 4080 omni
342 4017 438 4081 laude
453 4019 555 4104 major
573 4016 719 4081 dominus
742 4018 765 4079 J
767 4038 883 4079 oannes
906 4015 1112 4080 Pictaviensis
1126 4016 1197 4080 vult

243 4129 277 4180 ut
294 4139 350 4180 nos
365 4117 499 4181 invicem
515 4117 698 4203 diligamnS,
713 4127 745 4179 et
762 4116 947 4179 studeamus
970 4138 1026 4178 nos
1048 4118 1081 4178 in
1104 4114 1198 4178 alter-

244 4231 353 4280 utrum
366 4220 487 4282 mutuis
498 4220 608 4282 officiis
620 4217 805 4303 praevenire.
842 4218 924 4279 Nam
937 4228 969 4280 et
981 4214 1115 4299 gratiam
1129 4216 1199 4300 ejus

242 4316 283 4380 ad
314 4315 404 4379 illum
431 4339 632 4403 nequaquam
661 4316 777 4381 dubito
804 4315 1019 4395 minuendam,
1043 4338 1138 4399 quam
1165 4319 1197 4381 in
