3034 5200
324 694 389 753 258
584 707 720 751 :nassis
737 704 1016 750 sarnsnrarnxsrs
1182 686 1230 765 [a
1249 708 1288 750 n.

328 880 388 942 pro
399 859 533 920 veritate
544 857 632 935 fidei,
640 857 743 920 zelum
751 857 898 941 justitiae,
907 855 1111 918 confessionis
1120 858 1291 940 virtutem,

327 972 360 1021 et
375 958 502 1021 invicta»
513 961 700 1023 constantia
716 957 1148 1043 perseverantiam,sactnrus
1161 972 1232 1023 erat
1244 960 1291 1023 de

328 1061 471 1123 veritatis
485 1084 522 1122 ac
536 1060 611 1123 fidei
627 1061 816 1123 adversariis
833 1058 1077 1143 triumphantes.
1115 1061 1198 1136 Quae
1211 1083 1289 1146 pro-

328 1160 414 1223 secto
435 1160 525 1223 nulla
547 1161 670 1224 ratione
691 1160 830 1224 scribere
850 1162 1134 1243 praesumpsissem,
1148 1160 1213 1222 nisi
1234 1183 1289 1224 me

327 1285 424 1348 super
438 1262 488 1325 his
502 1263 583 1326 fides
597 1264 725 1327 oculata
738 1263 950 1326 certissimum
967 1261 1166 1327 reddidisset.
1206 1273 1209 1278 '

371 1366 523 1450 Superest
546 1365 657 1450 itaque
679 1379 716 1428 nt
739 1378 879 1428 nostram
902 1365 1094 1448 parvitatem
1110 1379 1215 1429 restra
1235 1367 1286 1430 in·

327 1480 431 1530 strunt
440 1465 591 1541 eruditio,
601 1490 641 1528 an
652 1468 732 1531 citra
743 1467 881 1530 Romani
891 1466 1050 1550 pontificis
1060 1470 1285 1530 auctoritatem

327 1579 435 1633 tutum
452 1570 493 1632 sit
513 1569 545 1631 in
569 1572 733 1633 missarum
753 1567 901 1631 solenniis
923 1582 955 1631 et
975 1567 1045 1630 aliis
1063 1568 1201 1652 publicis
1214 1591 1286 1633 ora·

327 1669 470 1732 tionibus
489 1691 563 1731 eum
581 1670 614 1731 in
635 1669 780 1753 catalogo
800 1682 978 1751 martyrum
998 1681 1151 1752 tanquam
1172 1668 1286 1733 salutis

326 1769 493 1855 praesidem
516 1771 674 1846 invocare,
697 1793 735 1832 an
760 1770 867 1833 adhuc
889 1769 928 1842 ei,
951 1791 1046 1853 quem
1072 1772 1161 1833 Deus
1183 1773 1284 1834 tantis

326 1871 552 1934 miraculorum
575 1871 759 1935 clarificavit
783 1870 918 1944 indiciis,
940 1870 1032 1954 quasi
1053 1869 1106 1933 alii
1129 1870 1284 1936 defuncto

325 1972 483 2036 orationes
499 1973 719 2037 subventorias
735 1987 900 2036 teneamur
914 1973 1085 2036 exsolvere.
1131 1973 1283 2038 Timetur

325 2072 408 2134 enirn
433 2095 474 2134 ne
500 2073 544 2135 sic
568 2073 680 2136 orandi
707 2074 858 2137 instantia
883 2074 969 2138 beati
992 2077 1141 2158 martyris
1163 2073 1283 2159 injuria

325 2169 485 2248 videatur,
506 2185 538 2236 et
561 2172 794 2238 incredulitatis
816 2175 994 2260 praetendat
1016 2174 1184 2259 imaginem
1208 2189 1283 2261 post

325 2283 374 2335 tot
401 2271 563 2356 signorum
585 2274 816 2340 exhibitionem
842 2277 983 2340 nondum
1008 2298 1118 2339 secura
1140 2276 1280 2341 devotio.

324 2374 400 2437 dam
416 2396 511 2461 super
526 2374 586 2440 hoc
600 2377 766 2442 consultus
777 2391 858 2444 esset
872 2381 1037 2443 Romanus
1051 2377 1207 2464 pontifex,
1219 2379 1280 2442 nisi

324 2474 401 2560 quia
416 2475 552 2542 facultas
572 2479 757 2543 transeundi
781 2480 861 2544 adeo
880 2481 1029 2544 omnibus
1049 2480 1205 2564 praeclusa
1219 2493 1280 2557 est,

324 2588 361 2643 ut
383 2577 492 2642 nullus
514 2578 555 2643 ad
577 2580 742 2665 navigium
766 2580 956 2646 admittatur
981 2581 1041 2644 nisi
1063 2579 1171 2644 literas
1195 2581 1281 2667 regis

323 2693 396 2744 ante
412 2682 599 2765 porrexerit.
644 2683 748 2747 Nobis
761 2696 864 2748 tamen
881 2682 1006 2747 interim
1022 2682 1198 2747 consultius
1212 2706 1280 2747 esse

322 2780 450 2846 videtur
466 2795 502 2846 ut
518 2783 700 2849 assistamus
716 2785 846 2850 Domini
864 2784 1034 2862 voluntati,
1049 2797 1081 2847 et
1099 2806 1194 2869 quem
1210 2784 1280 2869 ipse

322 2880 477 2946 honorare
498 2882 651 2967 dignatur
674 2899 711 2950 ut
733 2900 918 2970 martyrem,
935 2907 1003 2960 nos,
1020 2886 1086 2949 sive
1104 2899 1280 2967 cantemus,

322 2980 389 3045 sive
410 2981 583 3067 ploremus,
606 2998 643 3049 ut
669 2997 842 3069 martyrem
865 3007 1061 3050 veneremur.
1107 2989 1190 3049 Nam
1212 2986 1280 3049 sere

320 3081 353 3147 iu
365 3083 514 3149 omnibus
526 3087 638 3151 mundi
650 3087 796 3173 partibus
809 3091 909 3162 Deus,
923 3110 985 3150 nou
998 3100 1164 3173 expectata
1173 3088 1280 3173 cujus-

320 3204 448 3268 cunque
463 3186 599 3252 hominis
619 3191 822 3265 auctoritate,
838 3191 945 3275 potuit
960 3203 992 3254 et
1007 3190 1169 3254 consuevit
1183 3189 1278 3254 clari-

320 3282 414 3345 ficare
439 3307 520 3368 quos
546 3289 668 3354 voluit:
708 3291 795 3375 quod
827 3291 961 3377 sapienti
992 3314 1053 3355 non
1080 3303 1278 3375 potestesse

321 3383 519 3467 ambiguum,
541 3389 597 3472 qni
621 3391 722 3455 varias
747 3393 919 3478 scripturas
942 3393 1048 3458 solerti
1070 3392 1276 3475 indagatione

321 3481 506 3568 diligentius
522 3502 751 3571 perscrutatur.

384 3750 606 3815 EPISTOLA
630 3750 847 3816 occu-n>
861 3772 1083 3817 senonensnn
1098 3774 1217 3819 ancar-

573 3869 771 3917 nrrscoann.
807 3855 851 3934 [A.
869 3874 900 3917 n.
919 3855 1026 3932 1171]

348 3982 487 4046 Domino
504 3982 685 4047 Senonensa'
701 3988 809 4050 miseri
823 3987 882 4058 illi,
900 3986 956 4066 qui
970 3984 1241 4069 quondamfuere

663 4086 925 4153 cantuarienses.

362 4198 507 4258 Aaounru
523 4205 679 4270 nostrum,
694 4218 790 4281 quem
807 4216 877 4259 cnm
896 4206 1036 4281 martyre
1050 4195 1189 4283 glorioso
1203 4222 1277 4286 per.

319 4293 461 4376 tulirnns,
477 4295 623 4360 viderunt
639 4296 722 4359 oculi
739 4301 846 4375 vestri,
862 4321 943 4383 quos
958 4312 1024 4363 tam
1039 4300 1158 4378 innata,
1174 4323 1273 4388 quam
