3034 5200
283 737 391 817 ll6fa]
653 754 831 799 snrsrona·
1207 740 1228 795 a

281 908 366 973 denti
387 909 520 985 credidi,
541 929 611 972 snm
633 907 848 992 proscriptus:
874 906 928 970 cui
946 906 1140 989 quicumque
1159 926 1225 968 non

280 1011 389 1088 credit,
401 1014 497 1094 longe
512 1011 722 1095 periculosius
735 1010 961 1093 proscribetur.
991 1009 1075 1072 Nam
1090 1009 1125 1070 in
1139 1029 1226 1071 com·

278 1112 506 1176 minationibus
521 1123 554 1175 et
567 1110 732 1195 promissis
746 1122 795 1172 est
809 1130 900 1192 aeque
916 1108 1030 1171 fidelis.

322 1216 394 1277 Nec
417 1214 492 1277 dico
514 1214 600 1298 quod
626 1233 732 1289 omne,
755 1212 830 1274 licet
852 1231 873 1273 a
896 1212 982 1272 malo
1003 1211 1165 1294 procedat,
1187 1211 1230 1275 sit

278 1311 424 1377 illicitum
435 1315 658 1398 juramentum.
686 1313 798 1374 Habet
811 1312 896 1374 enim
910 1310 1068 1374 interdum
1082 1312 1227 1375 veniam:

279 1416 333 1477 cui
342 1417 434 1478 locus
446 1417 579 1477 omnino
593 1436 658 1477 non
674 1425 734 1488 est,
746 1413 811 1475 nisi
825 1434 923 1496 qnnm
934 1415 1114 1476 occurrenti
1123 1415 1228 1499 culpae

279 1518 360 1580 ratio
376 1518 501 1579 veniam
515 1517 700 1598 impetrarit.
722 1516 848 1577 Locum
864 1516 960 1576 istum
971 1527 1136 1597 praetereo,
1147 1517 1231 1592 Deo,

282 1619 392 1699 potins
405 1616 639 1678 discutiendnm
654 1626 686 1678 et
701 1613 908 1678 conscientiis
925 1615 1132 1695 singulorum,
1146 1637 1187 1679 ne
1202 1616 1231 1678 si

284 1718 364 1801 quid
386 1718 536 1799 argutius,
550 1728 643 1802 prout
663 1718 743 1780 ratio
766 1717 918 1799 suggerit,
937 1718 1110 1800 eloqnutns
1131 1718 1231 1796 suero,

285 1821 319 1883 in
344 1822 486 1898 aliorum,
508 1831 540 1882 et
564 1821 694 1883 sortasse
719 1820 951 1897 innocentium,
974 1820 1030 1902 qui
1050 1818 1233 1902 juramenta

283 1922 505 2003 praestiterunt,
519 1921 753 2002 sugillationem
778 1920 886 1983 ridear
905 1921 1050 2004 spiritum
1069 1919 1230 1984 effudisse.

283 2024 372 2086 Malo
388 2023 475 2089 enim
498 2022 725 2086 moderationis
746 2022 873 2084 habena
894 2023 1052 2084 calamum
1072 2022 1233 2099 cohibere,

284 2147 377 2208 quam
394 2125 519 2187 Dirinae
534 2126 615 2205 legis
630 2125 783 2188 articulos
804 2144 985 2203 congerere,
1001 2123 1056 2205 qui
1072 2123 1132 2186 etsi
1147 2134 1234 2187 recte

282 2227 395 2309 prolati
416 2226 544 2302 fuerint,
566 2225 723 2288 interdum
749 2247 817 2287 nou
843 2225 907 2287 nisi
931 2223 974 2286 ad
995 2225 1233 2288 subversionem

283 2327 456 2409 proficiunt
474 2324 663 2389 auditorum.
708 2327 851 2389 Transeo
866 2347 941 2407 ergo
962 2325 1002 2390 ad
1017 2327 1083 2402 illa,
1099 2348 1234 2410 quorum

284 2435 320 2486 tu
328 2422 447 2486 dedisti
458 2425 631 2502 materiam,
642 2446 735 2488 orans
747 2434 781 2487 et
790 2427 973 2503 obsecranS,
983 2438 1019 2487 ut
1029 2447 1093 2488 non
1106 2424 1237 2488 deficiat

283 2525 365 2587 fides
386 2534 451 2597 tna,
467 2546 527 2586 nec
548 2523 658 2586 credas
679 2526 802 2611 spiritui
823 2546 942 2603 eorum,
956 2527 1011 2611 qni
1033 2548 1127 2590 suum
1146 2528 1236 2612 Nep·

284 2639 397 2688 tunum
421 2634 602 2710 sequentes,
625 2627 697 2709 ipso
718 2628 879 2690 mediante
902 2640 1073 2712 properant
1097 2629 1140 2693 ad
1161 2631 1236 2692 Plu-

284 2737 402 2807 tonem,
414 2739 448 2792 et
463 2728 667 2792 descendunt
681 2730 714 2792 in
731 2730 890 2793 infernum
901 2732 1055 2794 viventes.
1085 2732 1235 2813 Loquan-

171 2827 174 2833 ’
283 2843 334 2893 tur
361 2832 486 2902 interim
522 2853 594 2915 quae
629 2834 798 2911 voluerint,
828 2832 980 2917 jactitent
1014 2854 1049 2895 se
1083 2831 1236 2895 adversus

282 2933 444 2997 Christum
455 2935 589 2997 Domini
602 2935 809 3017 praevaluisse
823 2936 857 2996 in
869 2936 1008 2998 vanitate
1019 2956 1088 3010 sua,
1098 2930 1235 3018 perditio

284 3057 394 3098 eorum
416 3036 520 3098 adstat
545 3057 603 3117 pro
627 3037 762 3111 loribus,
786 3056 921 3119 quorum
945 3034 1096 3118 gaudium
1121 3049 1169 3100 est
1194 3036 1236 3100 ad

285 3138 386 3199 instar
400 3137 527 3218 puncti,
543 3147 576 3198 et
591 3135 799 3219 gloria'ignis,
814 3146 948 3216 stercus,
963 3150 995 3202 et
1011 3140 1133 3202 vermis.
1164 3140 1237 3211 Qua

289 3238 351 3311 via,
360 3238 394 3298 in
407 3236 508 3312 brevi,
520 3237 592 3299 Deo
607 3240 811 3320 propitiante,
824 3241 925 3304 scies:
949 3251 983 3303 et
993 3240 1131 3304 tinnient
1144 3262 1237 3305 aures

287 3358 396 3402 eorum
411 3359 430 3400 a
445 3338 547 3401 sibilis
562 3349 594 3401 et
608 3340 746 3403 clamore
769 3339 922 3414 fidelium,
939 3342 1057 3423 quibus
1079 3363 1236 3425 pauperes

287 3440 404 3505 Christi
425 3442 553 3504 fuerunt
567 3441 600 3504 in
624 3443 752 3506 sibilum
768 3452 801 3508 et
822 3443 956 3506 irrisum.
1002 3444 1072 3506 Nec
1096 3444 1235 3521 dubites,

286 3542 349 3605 nisi
363 3543 443 3606 sorte
463 3542 522 3604 tibi
537 3563 723 3626 persuasum
747 3542 790 3605 sit
804 3545 952 3606 mortales
975 3566 1041 3607 non
1056 3566 1126 3607 esse
1141 3545 1236 3606 mori·

284 3657 381 3715 turos,
397 3643 472 3727 quin
487 3643 522 3705 in
537 3644 729 3707 sententiam
744 3643 954 3707 anathematis
969 3656 1170 3727 reponantur,
1183 3646 1238 3728 qui

283 3745 393 3810 fraude
416 3745 544 3811 tacendi
566 3756 598 3807 et
619 3745 784 3808 metuendi
809 3745 926 3807 astutia
950 3746 1080 3808 meritos
1104 3748 1236 3828 laqueos

284 3848 431 3910 videntur
445 3846 592 3910 evasisse.

328 3950 405 4012 Hoc
421 3962 527 4011 autem
541 3949 652 4012 amicis
671 3950 799 4026 nostris,
815 3949 842 4011 si
858 3950 914 4031 qui
930 3962 1036 4013 tamen
1050 3949 1149 4011 nostri
1164 3946 1238 4019 sint,

282 4072 349 4115 non
378 4050 522 4124 fortunae,
550 4049 737 4133 persuadere
767 4051 961 4128 memineris,
986 4061 1022 4114 ut
1047 4070 1112 4112 non
1138 4046 1237 4104 fleant

285 4172 456 4235 supernos.
487 4153 532 4214 Et
543 4151 664 4214 utinam
676 4172 772 4233 super
781 4172 815 4213 se
825 4151 914 4234 ipsos
924 4154 1000 4214 fiere
1012 4170 1078 4211 non
1087 4146 1237 4207 debeant.

286 4254 370 4323 Quia
377 4255 547 4318 nobiscum
557 4253 622 4335 agit
630 4252 825 4325 albissimus,
831 4254 959 4315 verbere
971 4262 1075 4313 tamen
1086 4239 1238 4319 deducto,

288 4356 447 4434 quomodo
483 4367 572 4438 pater
602 4354 823 4417 serenissimus
852 4374 926 4415 cnm
963 4350 1038 4411 filiis
1067 4340 1240 4411 carissimis
