3034 5200
318 698 378 756 188
574 710 709 754 ioannis
725 708 1006 752 sanasoamunsrs
1166 696 1211 768 [a.
1229 711 1263 752 n.

309 869 441 937 sertum,
457 869 513 923 aut
527 857 789 922 transcendissem
806 867 930 921 montes
948 858 1121 922 Samariae:
1145 868 1179 921 et
1194 868 1272 942 post

312 962 520 1048 Babyloniam
556 960 773 1046 captivitatem
807 959 874 1022 sine
908 981 1004 1022 causa
1034 958 1187 1022 redissem
1225 960 1267 1023 ad

310 1067 440 1129 domum
468 1064 620 1128 Domini:
653 1085 717 1125 non
739 1062 828 1126 illam
851 1062 923 1124 dico
946 1060 1163 1125 manufactam
1190 1083 1265 1148 quae

308 1169 466 1232 hircorum
491 1179 523 1231 et
545 1166 716 1231 vitulorum
742 1165 897 1248 'sanguine
924 1164 1050 1248 expiata
1077 1164 1265 1249 purgatione

196 1321 201 1329 .
309 1271 471 1336 umbratili
486 1268 734 1354 irreparabiliter
745 1268 850 1332 excisa
861 1279 894 1330 et
906 1289 1014 1332 eversa
1030 1277 1078 1331 est
1088 1267 1265 1331 ministerio

283 1415 288 1425 ·
311 1375 543 1437 Romanorum:
557 1371 611 1436 sed
623 1370 710 1433 illam
722 1369 755 1433 in
768 1392 865 1456 quarn
877 1370 1037 1454 apostolus
1046 1369 1262 1446 introducens,

309 1489 342 1541 et
353 1486 465 1562 potans
473 1497 526 1538 me
538 1485 674 1561 quatuor
686 1472 871 1538 fluminibus
882 1472 1017 1558 paradisi
1030 1472 1125 1536 docet
1134 1493 1263 1535 omnem

309 1577 422 1642 mundi
448 1575 679 1662 supellectilem
704 1585 740 1638 ut
764 1584 902 1638 stercora
927 1574 1207 1653 contemnendam,
1228 1585 1265 1637 ut

309 1680 411 1745 solum
426 1679 458 1742 in
475 1699 540 1765 quo
561 1699 673 1740 omnes
695 1675 836 1740 thesauri
856 1675 1078 1761 expetibilium
1094 1687 1168 1739 sunt
1182 1674 1263 1738 lucri

309 1780 425 1844 faciam
456 1778 628 1844 Christum.
680 1776 723 1840 Et
748 1777 879 1864 quidem
906 1790 943 1842 ut
965 1778 1007 1841 ad
1033 1789 1104 1842 tuos
1128 1776 1265 1861 gentiles

310 1892 477 1956 transeam,
501 1899 565 1941 non
590 1875 686 1941 modo
711 1877 821 1955 Stoici,
844 1878 1019 1943 sedetiam
1047 1878 1208 1964 Epicurei,
1231 1891 1265 1941 et

310 1981 454 2045 omnium
477 1978 767 2064 philosophantium
795 1991 891 2043 seotae
921 2003 1027 2045 rerum
1052 1979 1264 2044 mundialium

311 2091 529 2165 contemptum
546 2079 736 2164 praedicant:
762 2093 795 2144 et
810 2081 836 2145 si
851 2081 897 2146 eis
913 2082 1069 2157 utendum
1084 2104 1141 2167 pro
1156 2102 1267 2145 neces-

310 2184 402 2246 sitate
418 2179 606 2244 conditionis
621 2189 654 2243 et
668 2181 819 2266 temporis
839 2182 1047 2267 probabiliter
1060 2182 1266 2258 arbitrentur,
1345 2181 1352 2190 ’

311 2287 336 2350 si
359 2282 536 2349 contristari
562 2282 603 2345 de
628 2281 871 2359 dormientibus,
895 2284 1195 2347 eorumvdumtaxat
1217 2297 1265 2348 est

269 2376 274 2389 ⁸
311 2385 367 2473 qui
382 2406 470 2469 spem
488 2404 550 2446 non
563 2382 692 2460 habent,
705 2405 811 2446 nonne
827 2383 1013 2468 probrosum
1024 2395 1072 2448 est
1085 2383 1265 2450 Christiano

312 2485 488 2573 praesertim
517 2485 741 2571 philosophum
779 2485 942 2570 profitenti
972 2508 1069 2570 super
1097 2485 1266 2550 amissione

311 2588 534 2675 temporalium
557 2585 736 2652 macerari?
774 2587 848 2652 Non
873 2598 922 2652 est
947 2598 1056 2652 tamen
1080 2591 1132 2670 (ut
1154 2587 1266 2674 insipi-

311 2691 433 2756 entium
449 2689 553 2754 verbis
569 2699 649 2765 utar,
666 2689 883 2753 accusantium
898 2689 1058 2754 fortunam
1082 2702 1138 2754 aut
1153 2691 1266 2755 delen·

311 2794 467 2869 dentium,
483 2791 570 2879 quod
592 2791 622 2854 ei
644 2791 781 2854 debeam
797 2791 975 2877 imputare:
999 2794 1075 2878 quia
1096 2793 1141 2856 sic
1164 2805 1267 2857 teme·

311 2894 395 2958 ritati
405 2889 649 2975 malignantium
659 2891 692 2953 in
704 2890 769 2954 mei
781 2892 995 2957 consolatione
1007 2893 1143 2987 occurrit
1152 2893 1265 2977 gratia,

312 3008 348 3060 ut
362 3018 420 3081 per
434 2993 684 3058 misericordiam
707 2993 771 3057 Dei
786 2994 990 3080 antiquorum
1006 2995 1170 3060 beneficiis
1185 2996 1268 3060 ami·

312 3120 420 3161 corum
445 3096 484 3179 (si
505 3095 585 3159 forte
601 3094 746 3159 veniatur
766 3097 809 3159 ad
831 3097 1001 3179 calculum)
1024 3098 1094 3183 plus
1114 3097 1266 3162 collatum

312 3196 390 3260 mihi
411 3195 511 3260 videri
528 3195 645 3258 debeat
667 3217 763 3280 quam
787 3195 949 3261 ablatum:
975 3199 1030 3261 sed
1050 3209 1084 3262 et
1103 3198 1173 3262 haec
1198 3199 1268 3283 ipsa

311 3296 450 3383 procella
459 3297 528 3381 jam
546 3297 617 3360 Deo
632 3299 823 3382 propitiante
839 3298 1016 3366 detumuit:
1039 3311 1072 3363 et
1086 3323 1149 3384 pax
1163 3300 1267 3363 eccle-

312 3399 367 3463 siae
393 3399 519 3462 videtur
544 3409 646 3463 astare
670 3422 728 3485 pro
752 3400 881 3468 loribus.
933 3400 986 3464 Tu
1012 3400 1139 3464 interim
1170 3423 1264 3486 pasce

312 3523 385 3565 oves
394 3511 514 3565 nostras
526 3524 588 3567 non
600 3501 704 3583 juxta,
715 3503 771 3567 sed
783 3504 866 3568 intra
876 3501 1081 3567 tabernacula
1092 3514 1265 3587 pastorum.

314 3602 437 3667 Valete.

312 3844 533 3908 EPISTOLA
557 3846 842 3909 CCLXXX.-no
859 3865 1031 3909 nrconruu
1047 3863 1204 3908 morcon.
1224 3863 1267 3906 un

584 3964 730 4007 ussaxrn.
766 3947 850 4026 [mn.
871 3947 979 4024 tlte]

497 4094 581 4155 Idem
597 4090 724 4154 Nicolao
744 4092 914 4153 Vicecomiti
927 4091 1069 4153 Esscxicc.

356 4217 509 4277 Commus
535 4233 555 4273 a
579 4209 736 4273 societatis
762 4205 1002 4294 participatione
1033 4206 1096 4270 dici
1123 4207 1266 4294 quisquis

312 4310 445 4391 ignorat,
460 4307 588 4390 ignarus
604 4319 651 4369 est
667 4307 843 4370 litterarum
861 4325 939 4389 quas
955 4303 1095 4371 liberalis
1111 4306 1268 4370 institutio
