3034 5200
303 720 362 779 134
559 731 696 777 scaurus
712 731 991 776 sanusnunrausrs
1159 713 1205 792 [a.
1223 735 1255 779 n.

302 882 456 948 incertum
480 896 527 947 est
549 905 588 946 an
612 883 761 947 dominus
786 905 871 968 papa
897 883 1154 948 Lombardorum
1178 884 1252 948 velit

300 986 411 1049 audire
425 1009 542 1071 preces,
553 1009 584 1049 se
597 985 816 1048 transferendo
825 986 864 1048 ad
878 985 963 1050 illos:
986 986 1127 1051 creditur
1138 1000 1252 1052 tamen.

300 1091 510 1173 Prosperatur
525 1101 632 1152 autem
648 1087 755 1151 adhuc
775 1088 961 1169 Beneventi,
977 1089 1032 1153 ubi
1048 1090 1154 1152 nuncii
1171 1091 1255 1174 regis

300 1191 435 1276 Angliae,
451 1204 483 1254 et
505 1190 626 1254 domini
643 1190 885 1255 cantuariensis
907 1189 938 1252 in
962 1190 1062 1275 ipsius
1084 1191 1254 1275 praesentia

300 1305 524 1358 convenerunt.
569 1295 614 1356 Et
631 1291 761 1377 quidem
778 1292 907 1378 utrique
922 1293 1058 1376 benigne
1073 1307 1104 1356 et
1125 1293 1254 1356 honori·

300 1396 358 1460 fiee
373 1397 492 1483 recepti
507 1407 603 1468 sunt;
635 1395 689 1458 sed
713 1394 866 1480 regalium
890 1396 972 1460 sicut
990 1395 1119 1480 justitia
1139 1396 1254 1475 minor,

300 1499 344 1562 sic
369 1520 487 1585 pompa
512 1509 544 1561 et
570 1495 754 1559 divitiarum
781 1496 953 1561 ostentatio
979 1497 1089 1582 major.
1143 1499 1252 1575 Quum

298 1614 404 1665 autem
418 1600 582 1664 dominum
593 1621 708 1684 papam
720 1598 884 1662 blanditiis
896 1610 927 1662 et
944 1599 1105 1682 promissis
1116 1600 1252 1686 dejicere

298 1725 360 1766 non
377 1702 597 1787 praevalerent,
612 1701 652 1763 ad
674 1701 774 1764 minas
795 1703 938 1764 conversi
962 1713 1049 1775 sunt,
1064 1705 1252 1767 mentientes

298 1803 383 1889 quod
400 1825 455 1867 rex
471 1825 579 1867 eorum
596 1801 752 1866 Noradini
764 1801 858 1865 citius
874 1814 1061 1887 sequeretur
1076 1826 1208 1884 errores,
1220 1817 1251 1869 et

298 1905 471 1991 prophanae
480 1903 637 1988 religionis
648 1904 742 1969 iniret
754 1903 960 1984 consortium,
970 1928 1064 1991 quam
1078 1905 1110 1968 in
1122 1905 1252 1970 ecelesia

298 2007 520 2073 Cantuariensi
544 2005 703 2069 Thomam
729 2018 894 2091 pateretur
920 2006 1043 2071 diutius
1064 2006 1249 2092 episcopari.

298 2113 341 2173 At
369 2108 415 2170 vir
442 2108 502 2172 Dei
529 2129 586 2170 nec
612 2118 732 2170 terrore
757 2108 895 2182 concuti,
923 2130 980 2171 nec
1006 2107 1113 2170 seduci
1142 2111 1249 2190 potuit

299 2207 532 2286 blandimentis,
542 2207 648 2293 eisque
657 2207 738 2272 duas
746 2231 927 2294 proponens
935 2209 1014 2284 vias,
1024 2207 1153 2272 alteram
1165 2208 1251 2287 vitae,

299 2309 430 2374 alteram
446 2310 568 2387 mortis,
580 2308 742 2395 respondit
758 2332 812 2372 eos
825 2322 860 2374 ut
876 2323 1037 2395 coeperant
1049 2309 1141 2374 facile
1156 2334 1249 2395 posse

298 2423 481 2497 contempta
497 2411 601 2496 gratia
622 2422 654 2475 et
677 2407 832 2496 patientia
854 2410 928 2486 Dei,
943 2410 1146 2495 pereuntium
1170 2432 1251 2496 proe-

298 2513 518 2601 eligereviam:
536 2514 590 2578 sed
599 2537 630 2577 se
638 2511 1046 2600 Dominopropitiantenon
1055 2535 1251 2578 recessurum

298 2640 316 2681 a
332 2617 383 2681 via
397 2630 493 2683 recta.
530 2615 700 2681 Detumuit
716 2637 794 2699 ergo
808 2616 840 2677 in
856 2615 947 2678 brevi
963 2612 1105 2701 Spiritus
1120 2639 1249 2679 eorum:

297 2733 328 2784 et
346 2718 487 2784 videntes
502 2740 534 2782 sc
548 2718 608 2783 hac
623 2716 674 2781 via
688 2730 798 2781 contra
808 2715 964 2801 justitiam
981 2738 1043 2779 non
1066 2738 1158 2799 posse
1181 2739 1251 2801 pro-

297 2821 401 2902 ficere,
416 2822 571 2886 miserunt
592 2824 624 2885 in
650 2817 788 2883 Siciliam
810 2818 943 2881 nuncios
965 2832 998 2880 et
1020 2816 1143 2880 litteras
1166 2821 1249 2902 regis

297 2926 356 3000 sui,
379 2923 497 3009 quibus
522 2921 636 2986 muniti
659 2929 820 2996 venerant,
843 2928 878 2981 nt
903 2938 964 3002 ope
992 2915 1089 2981 Siculi
1114 2918 1197 3002 regis
1219 2931 1251 2981 et

296 3025 415 3109 reginae
430 3035 557 3109 possent
572 3021 692 3107 aliquid
709 3044 728 3084 a
742 3018 871 3083 domino
885 3040 970 3104 papa
984 3018 1137 3083 adversus
1152 3021 1249 3085 eccle·

297 3125 373 3188 siam
386 3125 564 3211 impetrare.
604 3124 667 3187 Sed
681 3112 1039 3188 Christianissimus'rex
1053 3124 1248 3187 Francorum

297 3224 488 3309 praesagiens
512 3222 592 3285 hanc
616 3223 788 3286 versutiam
810 3221 1065 3308 malignantium,
1087 3223 1250 3287 Panormi-

296 3339 370 3390 tano
386 3323 486 3388 electo
507 3344 634 3385 causam
656 3322 798 3386 ecclesiae'
815 3337 847 3388 et
870 3326 990 3389 domini
1011 3325 1249 3390 Cantuariensis

297 3422 530 3491 commendavit
559 3435 596 3486 ut
624 3423 797 3508 propriam.
854 3426 936 3501 Quis
957 3427 1140 3492 alterutrius
1163 3425 1248 3509 lega-

298 3528 393 3593 tionis
408 3524 571 3612 profectus
587 3524 639 3600 sit,
655 3523 810 3590 hactenus
824 3525 1001 3613 ignoratur.

340 3633 599 3714 supervenerunt
612 3623 737 3689 interim
753 3628 858 3691 nuntii
881 3627 1071 3712 legatorum,
1085 3648 1167 3711 quos
1189 3648 1244 3689 rex

298 3730 426 3815 Angliae
441 3728 677 3813 impetraverat,
693 3728 822 3792 minime
836 3739 1008 3792 coarantes.
1053 3730 1136 3791 Nam
1158 3727 1247 3811 quic-

297 3832 375 3922 quid
391 3832 543 3895 cecinerat
560 3832 652 3909 alius,
668 3834 700 3895 in
716 3831 804 3895 curia
819 3830 1028 3895 decantabat:
1063 3828 1117 3892 sed
1134 3851 1190 3892 nee
1206 3829 1247 3893 de

295 3937 364 4003 istis
383 3946 504 4000 certum
524 3945 571 3997 est
594 3932 673 4018 quid
696 3932 758 3995 sint
782 3931 821 3993 ad
845 3930 988 3994 dominos
1010 3953 1084 3995 suos
1106 3930 1247 3997 relaturi.

296 4037 517 4125 Supplicatum
534 4045 632 4096 estex
648 4043 739 4117 parte
754 4030 838 4114 regis
848 4042 880 4093 et
893 4029 1080 4114 legatorum,
1093 4032 1246 4097 adhibitis

296 4140 403 4205 multis
428 4132 698 4204 intercessoribus,
727 4130 856 4194 domino
886 4153 978 4216 papae
1008 4155 1067 4219 pro
1097 4134 1246 4219 episeopo

297 4237 543 4304 saresberiensi:
576 4246 607 4297 et
634 4232 762 4298 tandem
788 4232 955 4296 obtentum
984 4248 1019 4298 ut
1047 4234 1074 4298 ei
1102 4258 1245 4299 summus

295 4343 437 4427 pontifex
464 4363 550 4406 suam
577 4338 750 4403 remitteret
782 4334 929 4421 injuriam
961 4349 992 4402 et
1023 4338 1187 4418 offensam,
1212 4352 1243 4399 et
