3034 5200
281 708 388 787 llos]
422 774 425 779 ,
665 725 844 769 nersronn.
1170 711 1228 771 121

275 881 477 961 pontificem,
490 881 546 963 qui
560 887 649 940 ctare
663 899 763 940 orestes
777 887 823 941 est
835 898 896 958 pro
911 880 1049 941 ecclesie
1065 878 1232 944 libertate:

280 981 336 1063 qui
362 982 463 1061 legem
493 980 555 1042 Dei
580 977 807 1041 traditionibus
835 979 985 1042 humanis
1013 980 1124 1042 asserit
1151 1001 1231 1064 proe·

282 1082 452 1146 serendam.
501 1080 643 1144 Nescitis

488 1186 551 1256 quid
562 1187 647 1258 pariat
658 1191 767 1238 ventura
778 1186 843 1251 dies,

279 1297 311 1350 et
326 1309 369 1350 ex
383 1286 498 1350 litteris
513 1285 636 1348 domiui
658 1305 752 1367 papae
769 1284 950 1368 conjicietis
966 1285 999 1346 iu
1015 1295 1134 1368 quanto
1149 1286 1233 1368 peri-

280 1390 354 1452 culo
384 1387 482 1472 positi
512 1387 586 1464 sint,
612 1407 693 1470 quos
723 1386 985 1469 archiepiscopus
1014 1388 1234 1450 excommuni-

280 1501 418 1566 caverat,
432 1500 465 1551 et
479 1487 617 1551 universi
636 1486 808 1569 participes
830 1508 948 1550 eorum.
993 1488 1065 1550 Nec
1088 1490 1146 1552 tuti
1161 1502 1235 1553 suut

281 1590 468 1675 appellandi
492 1589 697 1671 subterfugio,
719 1610 820 1672 quum
842 1609 985 1652 summus
1007 1590 1157 1672 pontifex
1178 1613 1234 1676 ap-

282 1692 472 1776 pellationes
498 1690 661 1767 excludat,
683 1701 715 1754 et
740 1691 853 1772 legatis
875 1691 943 1775 jam
974 1693 1173 1775 praeceperit,
1199 1703 1235 1756 ut
1341 1771 1347 1783 Ι

282 1817 348 1871 eos,
363 1793 418 1877 qui
435 1793 623 1856 videbantur
643 1793 792 1869 absoluti,
814 1803 971 1874 reponent
991 1793 1025 1855 in
1046 1794 1234 1857 anteriorem

283 1896 482 1971 sententiam,
509 1894 572 1958 nisi
602 1894 812 1957 satisfecerint
840 1893 1066 1958 incontinenti.
1121 1895 1235 1959 Archi-

282 1998 454 2080 episoopus
470 2019 544 2059 vero
559 2007 591 2059 et
606 1996 796 2079 episcopum
816 1995 1085 2070 Londoniensem‚
1101 2009 1134 2060 et
1154 1997 1235 2060 alios

282 2100 389 2182 plures
401 2098 606 2161 denunciavit
618 2097 835 2160 cardinalibus
847 2097 1143 2160 excommunicatos
1154 2119 1235 2178 esse,

260 2190 263 2195 ⁴
282 2222 459 2285 causasque
476 2199 614 2284 subjecit
625 2221 706 2283 quas
718 2220 900 2262 enumerare
911 2199 1044 2280 longum
1055 2210 1113 2261 est.
1140 2200 1236 2264 Plura

281 2303 372 2369 vobis
394 2300 553 2363 interdum
578 2311 609 2362 et
629 2321 648 2362 a
667 2300 814 2381 pluribus
836 2298 1065 2375 scriberentur,
1075 2300 1139 2362 nisi
1161 2301 1237 2383 quia

284 2425 355 2485 quae
378 2402 469 2463 robis
490 2402 586 2463 amici
609 2400 793 2481 significant
814 2401 856 2464 ad
882 2401 1048 2479 cautelam,
1072 2421 1130 2463 vos
1151 2403 1236 2465 velut

214 2543 220 2550 -
282 2501 407 2563 inimici
423 2499 553 2562 defertis
568 2500 609 2562 ad
624 2520 739 2580 regem.
774 2501 898 2578 valete,
909 2500 1110 2564 dilectissimi
1126 2501 1237 2564 fratres

283 2618 315 2666 et
329 2603 462 2678 domini,
474 2614 505 2665 et
519 2603 686 2685 operosius
698 2604 792 2684 agite,
804 2613 839 2665 ut
852 2605 947 2666 amici
958 2604 1063 2681 vestri,
1076 2604 1130 2687 qui
1141 2604 1236 2687 pauci

282 2718 366 2780 sunt,
396 2705 550 2789 proficere
585 2706 710 2788 possint
738 2706 773 2767 in
802 2705 1010 2769 excusatione
1039 2704 1233 2767 innocentiae

283 2818 404 2872 restrae.

307 3028 526 3091 EPISTOLA
551 3028 807 3093 cextra-ro
823 3047 1008 3094 nonnurnn
1023 3048 1160 3093 uncum.
1178 3048 1220 3092 nn

543 3149 698 3193 sunnam.
747 3131 967 3213 [r.n.1168.]

284 3280 428 3341 Jonnnec
438 3279 477 3341 de
488 3278 676 3342 Saresberia
687 3280 821 3344 Roberto
832 3282 1071 3345 Arclridc'acorro
1081 3280 1235 3346 Surreiae.

328 3408 610 3470 Inonrrrrunrurs
623 3407 698 3472 vitio
709 3407 791 3471 nihil
803 3408 957 3472 odibilius
967 3418 1017 3471 est
1031 3408 1118 3492 apud
1129 3410 1235 3472 Deum

284 3520 317 3571 et
338 3508 494 3586 homines,
510 3508 602 3590 cujus
624 3519 701 3572 nota
723 3510 834 3573 merito
857 3508 991 3572 ridebor
1011 3510 1187 3574 inurendus
1209 3512 1236 3573 si

284 3611 427 3673 actiones
463 3611 633 3691 gratiarum
675 3612 788 3690 lingua
827 3609 958 3687 siluerit,
993 3611 1117 3693 quoties
1163 3622 1237 3694 post

282 3712 442 3775 beneficia
457 3711 549 3774 datur
559 3714 784 3796 opportunitas
795 3709 1011 3794 colloquendi.
1042 3713 1151 3793 Agens
1162 3734 1237 3795 ergo

284 3816 399 3895 gratias
418 3835 498 3898 quas
522 3826 555 3875 et
579 3824 716 3895 quantas
739 3835 798 3896 pro
820 3825 962 3895 tempore
982 3834 1124 3895 possum,
1146 3814 1237 3877 illum

284 3915 502 3978 retributorem
517 3914 699 3977 meritorum
710 3916 800 3976 vobis
815 3914 1018 3979 confidenter
1033 3915 1136 3979 audeo
1152 3914 1236 3976 dele-

284 4035 356 4095 gare
366 4016 422 4098 qui
431 4016 517 4078 bona
530 4027 647 4079 cuncta
657 4017 745 4096 larga
756 4026 789 4078 et
800 4016 930 4099 copiosa
940 4038 1038 4080 manu
1048 4024 1238 4093 remunerat,

284 4129 316 4179 et
343 4118 463 4179 nullam
493 4119 612 4181 malum
642 4118 794 4201 relinquit
823 4118 1025 4199 impunitum.
1078 4116 1160 4175 Haec
1189 4125 1239 4178 est

285 4201 410 4278 interim
432 4218 608 4280 consolatio
629 4228 748 4292 nostra,
764 4218 832 4278 haec
856 4238 930 4298 spes
951 4228 999 4279 est
1015 4214 1104 4298 jugis
1124 4212 1237 4276 timen-

286 4316 364 4377 tium
383 4318 566 4381 Domiuum.
612 4319 693 4390 Quis
709 4316 795 4378 enim
811 4317 950 4397 speravit
964 4317 997 4379 in
1015 4315 1088 4391 llio,
1103 4323 1134 4374 et
1150 4310 1238 4379 dere·
