3034 5200
284 688 324 756 8'8
548 709 685 754 scaurus
700 706 978 754 sanrsnnmanms
1136 691 1181 772 [r.
1197 694 1241 754 η’

283 864 394 940 midet,
408 861 547 924 innitens
561 856 671 942 gratiae
693 862 765 924 Dei.
810 861 1025 924 Procedentes
1044 862 1120 924 hinc
1143 883 1228 946 quae-

284 965 415 1040 aierunt,
452 982 493 1023 an
524 962 584 1024 sub
615 961 661 1024 cis
699 960 868 1044 judicibus
903 961 999 1024 vellet
1035 963 1230 1045 respondere

283 1061 456 1144 episcopie,
479 1059 534 1143 qui
555 1067 666 1123 contra
687 1080 761 1123 eum
783 1060 1032 1142 appellaverant,
1053 1061 1131 1144 quia
1151 1081 1233 1143 prae-

283 1173 389 1226 sentes
404 1146 510 1224 erant*
552 1162 822 1246 Archiepiscopus
837 1182 913 1224 vero
925 1183 1047 1224 memor
1060 1163 1231 1236 literarum,

282 1265 398 1348 quibus
413 1264 443 1326 ei
458 1274 650 1347 praesentata
668 1276 716 1327 est
730 1264 787 1326 illa
809 1265 1061 1348 qualiscumque,
1077 1263 1126 1325 vel
1140 1263 1231 1324 nulla

280 1367 390 1450 potius
418 1367 600 1449 appellatio,
626 1377 796 1448 concepta,
821 1375 857 1428 ut
881 1365 929 1429 ibi
953 1366 1147 1448 perhibetur,
1169 1365 1239 1427 sub.

281 1469 412 1533 uomina
434 1469 575 1531 omnium
599 1468 915 1552 comprovincialium
943 1467 1177 1550 episcoporum,
1200 1476 1232 1528 et

281 1571 445 1649 abbatum,
467 1581 500 1633 et
521 1591 729 1653 personarum
747 1571 835 1651 regni
858 1569 893 1632 in
915 1568 1080 1652 provincia
1106 1566 1230 1630 Cantiae

283 1672 480 1752 degentium,
494 1681 527 1734 et
541 1680 647 1735 certus
663 1671 748 1756 quod
770 1672 822 1735 isti
842 1692 910 1734 non
930 1681 1146 1734 convenerant
1165 1669 1231 1730 Ro-

283 1771 478 1851 thomagum,
495 1770 526 1832 el
542 1791 637 1852 quam
653 1771 783 1852 plurimi
800 1791 908 1832 eorum
922 1769 1019 1853 hujus
1033 1770 1161 1832 fuerant
1175 1790 1232 1852 ap·

281 1871 463 1953 pellationis
485 1871 596 1951 ignari,
619 1882 652 1933 et
673 1872 792 1944 multis,
816 1871 870 1953 qui
892 1880 1057 1946 noverant,
1083 1870 1232 1952 displice·

281 1972 347 2046 bat,
362 1981 475 2053 utpote
490 1967 633 2052 justitiae,
648 1980 801 2052 quantum
816 1971 849 2030 in
871 1970 940 2052 ejus
955 1971 1139 2032 auctoribus
1155 1980 1231 2047 erat,

282 2071 383 2134 elusio
409 2072 526 2153 potius,
553 2091 650 2154 quam
680 2070 861 2152 appellati0,
892 2069 1061 2151 respondit
1088 2067 1233 2133 similiter

282 2192 380 2254 super
393 2171 456 2234 boc
472 2173 595 2233 nullum
617 2170 740 2233 domini
762 2190 855 2253 papae
870 2192 904 2232 se
924 2171 1082 2254 recepisse
1098 2172 1230 2235 manda-

280 2283 360 2349 tum,
375 2284 406 2335 et
415 2294 514 2355 quum
528 2271 608 2335 illud
623 2271 786 2354 receperit,
797 2273 944 2334 consulto
959 2292 1185 2354 responsurum
1197 2287 1230 2336 et

281 2375 436 2436 facturum
464 2373 549 2457 quod
579 2374 657 2436 ratio
689 2373 863 2436 dictaverit.
908 2374 1067 2438 Caeterum
1096 2396 1231 2459 pauper-

280 2484 378 2537 tatem
408 2496 499 2538 suam
522 2486 554 2538 et
579 2494 708 2537 suorum
734 2473 775 2537 ad
798 2475 919 2538 itineris
941 2487 1086 2559 sumptus
1108 2489 1140 2541 et
1159 2479 1233 2541 lites

281 2597 347 2640 non
363 2600 432 2641 esse
444 2576 603 2654 idoneam,
618 2577 861 2641 etolementiam
872 2575 1136 2643 Christianissimi
1149 2580 1232 2661 regis

281 2680 343 2743 hoo
360 2681 425 2744 fine
441 2681 603 2743 molestias
617 2680 685 2762 pati
705 2702 770 2742 non
790 2702 895 2763 posse,
908 2692 944 2743 ut
963 2682 1135 2744 liberalitas
1150 2680 1231 2763 ejus,

281 2805 352 2867 quae
374 2784 542 2847 exulantes
561 2784 732 2865 episcopos
754 2782 894 2844 decrevit
911 2782 1138 2845 humanissime
1154 2803 1231 2844 con-

281 2885 388 2962 solari,
410 2906 483 2947 eum
506 2893 538 2947 et
560 2885 711 2946 coexules
734 2902 808 2944 suos
838 2902 923 2965 saepe
945 2893 978 2944 et
999 2881 1055 2944 diu
1078 2882 1230 2945 exhibere

283 2997 415 3066 cogatur
429 2986 463 3047 in
486 2985 634 3048 domibus
648 2984 771 3047 alicnis.
816 2984 900 3046 Nam
916 2984 970 3046 ubi
986 2992 1035 3045 est
1056 2983 1150 3066 copia
1165 2984 1229 3047 vic-

283 3087 427 3162 tualium,
441 3087 568 3149 facilius
583 3097 632 3150 est
652 3107 820 3168 procurare
835 3106 1002 3168 expensas.
1047 3086 1111 3149 Die
1126 3096 1230 3149 autem

283 3188 429 3270 sequenti
452 3188 742 3253 Christianissimus
771 3209 829 3251 rex
851 3190 976 3269 legatos
1001 3188 1172 3252 admittens
1190 3188 1230 3251 ad

282 3288 489 3371 colloquium,
513 3290 573 3351 sub
597 3284 750 3367 religione
768 3288 941 3370 juramenti
967 3290 1113 3370 purgavit
1140 3290 1231 3350 inno-

284 3390 421 3453 centiam
444 3387 563 3453 domini
582 3386 831 3460 Cantuaviensis,
846 3387 1020 3469 perhibens
1041 3388 1070 3449 ei
1089 3390 1227 3451 testimo-

283 3492 384 3570 nium,
398 3494 484 3576 quod
500 3492 530 3555 ei
549 3490 717 3554 consilium
738 3508 864 3570 semper
878 3485 1018 3565 dederat,
1034 3498 1069 3549 ut
1084 3509 1150 3570 pax
1166 3510 1230 3551 ser-

282 3605 409 3658 varetur
423 3598 511 3658 salvo
526 3593 646 3654 honore
661 3589 826 3672 utriusque
835 3589 935 3669 legis,
949 3600 981 3652 et
996 3590 1108 3672 populi
1123 3591 1231 3653 utrim-

284 3714 347 3776 que
373 3696 479 3757 debita
500 3694 607 3778 quiete
626 3691 809 3775 gauderent.
853 3691 993 3772 Rogavit
1016 3692 1231 3776 archiepisco·

282 3815 343 3876 pus
358 3795 487 3873 legatoS,
504 3805 539 3857 ut
561 3793 689 3877 aliquod
705 3793 853 3856 ecclesiae
876 3793 1044 3856 consilium
1060 3795 1181 3871 darent,
1198 3804 1231 3858 et

281 3895 308 3959 si
323 3893 443 3958 alicubi
457 3894 639 3968 excederet,
653 3896 819 3957 rectiorem
836 3895 1040 3957 ostenderent
1056 3895 1146 3957 viam.
1179 3897 1232 3958 llli

284 4011 387 4063 autem
405 3996 510 4059 zelum
526 4015 622 4076 quem
636 3994 734 4058 habet
750 3995 782 4057 in
804 3995 945 4057 Domino
961 3995 1184 4077 approbantes
1200 3996 1230 4058 ei

283 4098 440 4183 compassi
463 4105 548 4167 sunt,
571 4092 627 4155 sed
651 4094 691 4156 de
714 4095 878 4177 proposito
900 4093 969 4176 ejus
991 4114 1055 4155 non
1079 4092 1230 4158 dixerunt

282 4202 402 4283 aliquid
420 4194 659 4262 immutandum.
706 4197 758 4259 Sic
777 4196 851 4259 data
869 4194 1093 4258 benedictione
1116 4196 1156 4257 ab
1178 4197 1224 4259 in-

280 4303 381 4364 vicem
408 4303 630 4375 discesserunt,
655 4307 685 4360 ct
710 4308 825 4367 statum
851 4307 909 4373 est,
936 4308 967 4359 et
996 4308 1124 4361 auctore
1156 4295 1227 4361 Deo
