3034 5200
286 692 329 750 86
536 705 672 752 rennuis
689 703 966 749 snuasasursusrs
1143 686 1187 765 [n.
1205 703 1235 746 n.

286 857 531 920 mansuetudine
577 857 717 940 spiritus,
753 867 827 938 post
868 856 1038 936 gratiarum
1078 857 1237 919 actionem

286 958 416 1021 domino
438 979 532 1042 papae
556 966 587 1021 et
601 958 664 1020 illis
688 956 840 1030 debitam,
856 955 1024 1038 respondit
1043 955 1084 1018 ad
1100 957 1237 1036 singula,

283 1059 457 1121 rationibus
464 1058 545 1121 reris
552 1070 583 1119 et
595 1053 816 1141 probabilibus
826 1057 971 1138 querelas
979 1055 1238 1136 regisevacuans,

284 1169 317 1222 et
338 1160 469 1243 injurias
495 1159 640 1223 ecclesiae
663 1169 695 1221 et
719 1157 836 1221 damna
856 1157 1071 1222 intolerabilia
1092 1168 1238 1238 patenter

284 1281 464 1343 exponens.
528 1262 574 1324 Et
594 1261 686 1345 .quia
720 1260 943 1334 humilitatem,
979 1271 1011 1323 et
1045 1258 1238 1323 delationem

283 1362 414 1426 honoris
431 1365 472 1426 ab
489 1385 528 1425 eo
551 1363 735 1444 exigebant,
756 1361 922 1445 respondit
937 1383 971 1424 se
991 1383 1119 1424 omnem
1133 1359 1236 1422 humi·

283 1464 405 1527 litatem
429 1465 658 1543 exhibiturum,
679 1476 712 1528 et
725 1463 857 1527 bonon's
880 1475 912 1527 et
926 1464 1111 1527 reuerentiae
1134 1483 1236 1546 qnan-

284 1571 491 1646 tumcumque
514 1565 588 1645 plns
606 1571 736 1646 posset:
761 1562 860 1626 Soleo
881 1562 999 1624 honore
1013 1561 1087 1635 Det,
1103 1567 1133 1623 et
1148 1559 1238 1622 liber·

285 1667 351 1724 tcte
379 1666 527 1736 ecclesie,
550 1670 580 1726 et
602 1665 767 1726 honestate
791 1684 937 1744 persone
960 1684 1037 1740 sure,
1066 1669 1096 1725 et
1118 1681 1239 1744 posses-

283 1764 426 1840 sionibus
445 1765 602 1826 ecclesie:
633 1774 666 1826 et
686 1765 714 1826 si
737 1764 783 1826 eis
804 1764 927 1845 aliquid
950 1765 1108 1827 videretur
1125 1763 1238 1846 adjici-

284 1862 413 1939 endum,
429 1875 484 1927 aut
503 1863 695 1925 demendum
717 1872 773 1924 aut
790 1864 1036 1941 immutandum,
1058 1866 1181 1945 rogavit
1202 1874 1239 1925 ut

283 1963 314 2026 ei
329 1965 496 2026 consilium
513 1963 633 2039 darent,
648 1963 771 2025 habens
786 1961 1017 2045 adquiescendi
1029 1967 1238 2045 propositum,

283 2065 370 2130 salva
384 2063 569 2126 conditione
591 2062 795 2146 professionis
817 2074 850 2125 et
865 2063 995 2126 ordinis.
1041 2064 1111 2127 Illis
1131 2074 1236 2126 autem

285 2163 467 2225 dicentibus
488 2183 521 2224 se
538 2182 603 2224 non
619 2160 742 2222 venisse
764 2170 800 2222 ut
815 2160 856 2238 ei,
871 2160 930 2223 sed
943 2175 979 2225 ut
1001 2184 1072 2224 eum
1088 2165 1234 2224 consule-

283 2274 364 2340 rent,
389 2274 421 2326 et
439 2261 708 2326 reconciliationis
729 2272 886 2325 tentarent
906 2263 999 2338 viam,
1021 2265 1098 2326 item
1118 2264 1234 2347 quaesi-

283 2376 352 2428 tum
367 2373 414 2428 est
430 2367 470 2429 ab
484 2364 738 2446 archiepiscopo,
756 2364 846 2430 auin
867 2366 1040 2447 praescntia
1059 2364 1234 2446 legatorum

284 2469 380 2531 vellet
400 2465 583 2552 promittere
610 2466 843 2530 observantiam
864 2467 1144 2546 consuetudinum,
1167 2469 1237 2552 qui-

282 2570 344 2633 bus
368 2570 570 2635 decessorum
593 2589 721 2633 suorum
746 2580 886 2654 ternpore
909 2592 998 2652 reges
1020 2571 1069 2636 usi
1099 2581 1183 2650 sunt,
1205 2579 1238 2635 et

284 2674 330 2737 sic
346 2673 459 2755 sopitis
475 2672 623 2738 omnibus
639 2672 778 2755 querelis
793 2672 893 2735 redire
908 2673 1085 2754 ingratiam
1099 2675 1237 2755 regis,et

283 2777 423 2859 recipere
440 2775 549 2838 sedern
568 2795 669 2849 suam,
685 2783 717 2836 et
737 2773 1054 2852 administrationem,
1076 2784 1107 2837 et
1121 2796 1235 2859 pacem

288 2879 349 2940 sibi
380 2889 412 2941 et
441 2878 519 2940 suis.
571 2876 623 2939 Ad
651 2878 722 2940 haec
764 2875 1025 2958 archiepiscopus
1053 2876 1235 2958 respondit:

283 2979 324 3050 N
322 2980 421 3041 ullam
436 2979 629 3041 decessorum
645 2996 776 3040 suorum
792 2976 955 3057 abaliquo
968 2997 1081 3057 regum
1095 2979 1140 3041 ed
1152 2980 1236 3041 banc

277 3078 507 3159 prm‘essionem
514 3079 623 3160 fuisse
644 3082 818 3152 arctatum,
833 3096 937 3157 neque
950 3094 995 3151 se,
1011 3077 1082 3140 Deo
1096 3084 1235 3152 auctore,

276 3180 512 3259 promissurum
528 3199 673 3260 unquam
690 3185 728 3241 ut
742 3180 880 3242 observet
894 3181 1151 3259 consuetudines,
1165 3200 1237 3263 quae

283 3282 350 3363 legi
364 3282 430 3344 Dei
439 3288 592 3364 patenter
614 3279 843 3356 adversentur,
865 3282 949 3343 sedis
967 3285 1145 3363 apostolice
1161 3304 1236 3345 core·

281 3385 405 3451 vellunt
431 3381 644 3464 priuilegium,
675 3383 811 3445 ecclesie
847 3384 1014 3465 perimunt
1048 3384 1231 3457 libertatem,

284 3507 363 3569 quas
386 3485 533 3548 dominus
553 3506 637 3567 papa
660 3485 796 3547 Senonis
811 3483 843 3546 in
864 3484 990 3546 illorum
1010 3494 1042 3546 et
1064 3486 1232 3549 multorum

283 3588 452 3670 praesentia
475 3587 711 3663 condemnavit,
731 3597 762 3647 et
782 3586 855 3669 ipse
871 3596 983 3668 postea
1003 3585 1126 3654 domini
1140 3609 1233 3671 papae

285 3697 439 3766 sequutus
460 3689 688 3762 auctoritatem,
704 3685 859 3769 quasdam
876 3706 982 3748 earum
999 3708 1073 3749 cum
1089 3690 1235 3751 observa·

282 3786 406 3848 toribus
421 3788 487 3849 suis
503 3788 639 3870 subjecit
660 3786 867 3861 anathemati,
882 3786 965 3850 sicut
985 3788 1018 3850 in
1035 3789 1142 3851 multis
1157 3809 1232 3852 con-

284 3887 366 3952 ciliis
396 3887 533 3949 ecclesia
556 3890 715 3950 catholica
739 3888 855 3951 fecisse
885 3888 1091 3969 dignoscitur.
1149 3892 1232 3952 Item

282 3994 491 4069 interrogatus
514 3998 572 4065 est,
594 4009 647 4065 an,
669 3987 695 4049 si
724 4010 793 4049 non
815 3988 1097 4065 confirmationem,
1120 3991 1231 4052 saltem

283 4089 569 4155 dissimulationem
594 4100 625 4150 et
650 4089 850 4151 tolerantiam
880 4090 975 4151 vellet
1002 4089 1231 4171 repromittere,

282 4205 415 4260 autnon
439 4193 525 4254 facta
545 4190 732 4253 altrinsecus
753 4191 862 4273 alique
884 4189 1044 4251 mentione
1062 4202 1230 4254 consuetu-

283 4292 404 4370 dinum,
423 4293 529 4356 sedem
553 4314 641 4363 suam
665 4292 806 4373 recipere
827 4302 859 4353 ct
880 4312 1003 4373 pacem.
1049 4292 1231 4376 Respondit
