3034 5200
307 749 368 807 174
556 758 692 803 scaurus
709 756 990 803 sanusnunmusrs
1169 741 1214 821 [A.
1233 763 1264 806 n.

308 911 561 976 consolationem.
608 911 653 973 Et
669 908 797 995 quidem
813 932 870 972 nec
887 922 973 986 tunc,
989 909 1074 973 sicut
1090 930 1148 973 nec
1163 910 1194 973 in
1206 935 1262 976 ex-

308 1025 408 1077 tremo
423 1010 558 1095 judicic,
572 1033 633 1074 non
655 1010 835 1092 displicebit
853 1011 878 1074 si
899 1011 974 1096 quis
991 1011 1172 1074 testimonio
1190 1035 1264 1077 con-

309 1110 449 1175 scientioe
460 1110 610 1194 gaudeat,
623 1124 658 1174 ut
671 1132 763 1194 opem
775 1109 884 1174 tulerit
895 1109 1033 1174 ecclesiae
1044 1111 1258 1195 naufraganti.

309 1213 475 1276 Adversus
486 1212 556 1274 hoec
570 1211 704 1275 fortasse
715 1212 933 1296 praeteudetur
943 1212 1081 1297 publicae
1093 1216 1264 1298 potestatis

309 1328 424 1390 metus,
434 1326 465 1377 et
479 1324 742 1398 persequutorum
754 1311 887 1376 insidiae.
905 1311 967 1375 Sed
979 1325 1064 1376 certe
1076 1328 1195 1378 nonest
1208 1316 1263 1401 qui

310 1413 375 1478 sine
397 1418 506 1477 eor'um
521 1411 711 1475 conscientia
734 1412 863 1497 quando
878 1412 1006 1476 libitum
1023 1423 1071 1476 est
1089 1436 1151 1476 non
1167 1415 1264 1479 faciat

309 1527 484 1600 sumptum.
530 1515 598 1576 Nec
618 1513 678 1576 hoc
699 1517 769 1577 Deo
793 1526 872 1577 teste
895 1514 956 1576 mei
973 1515 1152 1600 compendii
1168 1539 1264 1580 causa

310 1616 456 1690 dixerim,
473 1616 529 1680 sed
552 1628 588 1680 ut
610 1615 820 1700 praemuniam
842 1616 1006 1679 dominum
1031 1637 1136 1680 meum
1159 1630 1192 1682 et
1209 1641 1284 1688 eir·⁴

309 1717 413 1804 pleam
429 1717 566 1782 officium
586 1717 702 1780 debitae
716 1715 866 1780 caritatis.

337 1920 563 1986 EPISTOLA
588 1921 874 1985 couritur-m
895 1942 1052 1986 rosunum
1075 1941 1227 1987 rmonnu

516 2041 777 2085 norwicensem.
825 2023 870 2103 [A.
887 2043 919 2087 n.
938 2027 1046 2106 llos]

495 2191 585 2253 Idem
599 2191 724 2252 Joannc‘
739 2191 852 2254 Priori
862 2192 1076 2254 Norwicensi.

355 2311 462 2374 Dona
477 2320 523 2372 est
539 2308 790 2394 proscriptorum
806 2309 958 2388 conditio,
974 2309 1029 2373 sed
1046 2331 1107 2372 non
1124 2319 1188 2372 tam
1205 2331 1261 2373 suo

309 2412 425 2476 damno
437 2433 532 2496 quam
543 2409 709 2495 dispendio
724 2410 909 2474 amicorum.
958 2411 1017 2473 Vix
1028 2410 1111 2473 enim
1127 2422 1262 2496 possunt

308 2513 446 2600 aliquem
459 2513 607 2591 salutare,
618 2512 743 2597 quinon
751 2512 824 2576 ilico
832 2511 1010 2598 suspicetur
1022 2510 1263 2575 subaffectionis

309 2628 342 2681 et
366 2616 576 2680 venerationis
603 2628 763 2700 praetextu
788 2616 926 2679 exerceri
952 2613 1212 2700 negotiationem,
1232 2626 1264 2677 et

308 2717 461 2783 officiosos
487 2717 607 2781 inhiare
634 2718 673 2781 ad
699 2730 869 2803 quaestum.
914 2716 1010 2791 Quod
1034 2739 1073 2779 ne
1088 2728 1183 2802 putes
1203 2714 1264 2778 mei

308 2842 374 2888 esse
404 2820 558 2907 propositi
585 2819 769 2901 (carissime)
799 2817 985 2902 diligentius
1008 2840 1130 2903 precor,
1160 2829 1266 2880 certus

306 2921 394 3007 quod
410 2922 452 2985 sis
465 2945 516 2985 me
531 2925 603 2986 Deo
617 2920 814 3007 propitiante
829 2920 1014 2984 necessariis
1030 2942 1133 3005 usque
1148 2918 1189 2983 ad
1205 2918 1262 2982 ho·

308 3046 416 3088 norem
432 3036 463 3088 et
479 3024 613 3108 gloriam
634 3023 809 3088 abundare.
855 3024 929 3085 Non
950 3022 1050 3106 igitur
1066 3034 1122 3085 tua
1143 3042 1265 3107 quaero,

309 3124 363 3188 sed
373 3139 416 3200 te,
432 3125 455 3188 si
469 3138 647 3189 tamennon
661 3125 808 3190 excidisti
824 3124 968 3209 agralia,
985 3136 1016 3188 et
1028 3123 1134 3187 adhuc
1147 3122 1264 3186 retines

309 3226 482 3288 caritatem.
526 3229 571 3289 Et
588 3226 660 3289 licet
675 3224 843 3301 excideris,
860 3237 892 3289 te
902 3237 1005 3288 tamen
1022 3246 1177 3309 quaeram,
1191 3243 1261 3284 eam

308 3324 341 3386 in
365 3335 396 3385 te
418 3323 598 3388 desiderans
620 3327 795 3403 reformari,
818 3326 915 3390 immo
930 3329 969 3391 'te
990 3326 1022 3390 in
1043 3325 1098 3388 illa
1119 3324 1266 3407 sineque

308 3446 370 3486 non
387 3424 447 3487 nisi
463 3425 614 3489 deformis
628 3428 699 3503 erla,
716 3430 793 3514 quia
807 3453 936 3515 possum
948 3430 1079 3513 diligere
1089 3426 1184 3490 etiam
1200 3447 1263 3487 non

310 3538 470 3589 amantes:
495 3548 556 3589 non
573 3528 659 3612 quod
678 3542 709 3592 te
730 3544 875 3615 reputem
898 3531 982 3595 inter
1001 3529 1083 3604 illos,
1099 3526 1152 3592 sed
1169 3525 1264 3590 etiam

312 3628 338 3691 si
354 3627 426 3693 talis
437 3628 689 3716 fuerisexprimo
700 3654 836 3695 sensum.
881 3632 1054 3717 Reputabo
1065 3653 1124 3717 pro
1136 3650 1266 3692 munere

312 3732 402 3795 sime
424 3732 464 3798 de
486 3747 570 3798 statu
599 3748 655 3799 tuo
681 3735 857 3800 reddideris
881 3738 1057 3801 certiorem.
1101 3738 1159 3812 Et,
1186 3734 1210 3797 si
1227 3733 1267 3796 de

312 3854 382 3895 meo
397 3856 499 3910 curas,
515 3836 599 3900 exilii
616 3838 676 3900 mei
692 3838 826 3921 quintus
846 3837 981 3901 feliciter
996 3837 1144 3922 expletur
1163 3858 1266 3898 annus

312 3935 372 3998 sub
398 3935 526 3998 domino
548 3938 780 4016 Cantuariensi,
801 3943 855 4024 qui
878 3963 937 4025 pro
959 3939 1106 4003 libertate
1127 3936 1265 3999 ecclesiae

311 4039 377 4101 suis
392 4037 441 4100 vel
456 4037 566 4101 alienae
581 4040 685 4123 gentis
705 4040 871 4127 stipendiis
892 4040 996 4105 adhuc
1016 4037 1143 4112 militat,
1160 4036 1265 4101 necin
1322 4095 1326 4100 ,

313 4136 409 4202 Israel
425 4142 565 4227 repperit
589 4140 693 4206 fidem.
739 4145 857 4209 Omnes
880 4140 971 4205 amici
994 4141 1064 4226 ejus
1079 4153 1265 4227 spreverunt

312 4238 428 4323 ipsum,
445 4254 476 4304 et
499 4242 659 4305 ecclesiam
683 4243 766 4305 inter
789 4240 964 4327 angustias,
986 4252 1017 4302 et
1032 4241 1120 4325 quod
1136 4240 1267 4326 gravius

313 4352 359 4401 est
390 4340 518 4422 plurimi
548 4356 794 4428 persequuntur.
858 4344 917 4406 Est
948 4339 1030 4404 enim
1061 4341 1265 4426 proverbium
