3034 5200
209 746 211 750 ’
264 753 371 832 1167.]
647 769 825 813 urrsroun.
1168 755 1208 812 97

258 925 417 1006 expedire.
462 922 608 1005 Expedit
631 933 734 985 auteur
762 942 857 983 nossa
883 920 989 983 studia
1014 933 1046 982 et
1072 921 1207 984 consilia

256 1026 522 1089 Balaamitarum:
558 1034 591 1087 et
616 1024 693 1107 quid
720 1022 875 1085 Moabitae
902 1033 1013 1084 contra
1036 1023 1205 1084 ecclesiam

253 1129 441 1190 moliantur:
466 1139 498 1190 et
512 1127 539 1189 si
555 1126 628 1208 quis
644 1124 761 1207 estqui
778 1144 908 1187 manum
923 1121 1064 1206 porrigat
1085 1123 1203 1185 lsrael:

254 1232 316 1293 lroc
337 1240 444 1293 autem
461 1229 670 1292 certissimum
688 1228 728 1290 sit
743 1225 831 1308 quod
847 1224 1086 1289 Cantuariensis
1102 1225 1204 1287 archi·

255 1332 427 1413 episcopus
441 1331 562 1392 nullam
585 1349 713 1392 causam
737 1327 825 1390 dedit
845 1327 978 1391 dissidio
997 1328 1079 1390 inter·
1097 1349 1204 1406 regem

254 1433 379 1514 Angliae
395 1445 427 1495 ct
442 1431 589 1494 comitem
606 1429 783 1493 Flandriae:
815 1429 903 1513 qnod
923 1429 1125 1511 pergratiam
1142 1429 1205 1490 Dei

255 1534 289 1596 in
302 1535 392 1596 brevi
406 1532 550 1615 plurimis
565 1532 753 1594 innotescet.

286 1886 506 1951 EPISTOLA
534 1886 826 1951 CCXXXII.-an
841 1905 987 1950 rnouru
1003 1904 1165 1950 canruaa.

621 1987 664 2067 [A.
682 2007 713 2049 n.
734 1989 841 2068 lina]

353 2122 483 2186 Tkomae
501 2124 736 2188 Cantuariensi
751 2121 902 2204 Arclriep.
917 2125 1014 2186 Joan.
1031 2125 1107 2189 Sur.

295 2251 370 2312 Nnc
385 2251 483 2334 prior,
494 2272 554 2313 neo
572 2248 730 2333 posterior
741 2248 820 2311 mihi
831 2250 938 2332 placet
948 2253 1119 2335 conceptio
1130 2252 1201 2314 lite·

251 2373 354 2415 rarum
376 2372 456 2433 quas
482 2351 523 2415 ad
546 2350 711 2414 dominum
731 2350 927 2413 Willelmum
950 2353 1073 2415 mittere
1095 2352 1203 2415 decre-

253 2455 359 2516 vistis:
390 2454 466 2536 quia
489 2454 584 2515 nimis
607 2454 712 2535 plenae
735 2451 882 2515 videntur
904 2455 1151 2537 suspicionibus,
1171 2465 1203 2518 et

254 2575 350 2637 supra
378 2553 507 2618 modum
538 2554 681 2618 dentosis
710 2554 830 2617 salibus
858 2557 1030 2620 abundare.
1088 2557 1202 2621 Timeo

252 2656 335 2719 enim
352 2676 393 2717 ne
408 2655 568 2718 temeritas
583 2665 693 2718 nostra
708 2664 741 2717 et
754 2654 845 2716 illum
868 2666 900 2719 et
922 2657 1001 2719 alios
1026 2658 1119 2721 nobis
1140 2659 1201 2721 ini·

250 2758 405 2821 micantes
414 2756 580 2841 justificet.
620 2756 718 2820 Unde
733 2776 833 2839 quum
848 2757 883 2819 in
897 2758 1072 2822 Pictaviam
1088 2759 1202 2822 missu·

251 2879 305 2921 rus
334 2879 437 2921 essem
466 2861 600 2922 latorem
622 2853 839 2940 praesentium,
869 2880 1006 2941 perros
1034 2860 1201 2925 transitum

198 2962 201 2973 '
249 2959 353 3022 facere
365 2959 458 3041 jussi,
472 2970 509 3021 ut
526 2968 559 3022 et
582 2960 739 3022 sententia
764 2980 836 3022 mea
850 2960 941 3023 vobis
964 2962 1153 3041 innotescat,
1169 2974 1201 3027 et

251 3061 380 3122 domino
404 3060 608 3138 Pictaviensi,
627 3061 654 3123 si
674 3061 751 3144 quid
775 3063 938 3144 placuerit,
952 3085 1009 3147 per
1032 3087 1105 3128 enm
1129 3068 1200 3131 mit·

250 3172 316 3224 tere
342 3161 482 3222 valeatis.
526 3162 598 3241 Ego
622 3161 701 3223 mihi
725 3162 819 3225 aliam
842 3164 1020 3229 cardinales
1042 3168 1199 3251 imprimis

250 3260 465 3325 conveniendi
488 3261 619 3324 formam
643 3263 803 3345 praeelegi,
819 3286 915 3348 quam
939 3266 1067 3349 quidem
1089 3281 1198 3334 restrae

249 3383 396 3444 personae
412 3362 612 3425 eminentiam
638 3384 702 3425 uon
724 3362 868 3429 deceret:
900 3364 956 3428 sed
981 3378 1085 3431 tamen
1110 3372 1195 3447 simi-

248 3462 359 3525 liorem
389 3463 522 3525 arbitror
552 3464 753 3527 condecenti.
809 3466 861 3527 Ita
891 3481 996 3529 tamen
1030 3473 1198 3554 praeelecta

246 3566 448 3647 intelligatur,
463 3565 491 3628 si
507 3564 689 3629 discretioni
706 3575 818 3629 vestrae
833 3565 951 3630 sederit
965 3578 1000 3630 ut
1022 3572 1194 3650 procedat:

248 3667 368 3729 Vestrae
395 3665 546 3750 (inquam)
578 3668 654 3751 quia
679 3669 755 3730 nolo
781 3679 817 3732 ut
846 3689 959 3730 sensus
987 3670 1137 3752 insulsus,
1164 3688 1196 3739 et

249 3767 378 3832 ariditas
393 3769 510 3850 linguae
525 3771 560 3831 in
575 3780 687 3833 vestrae
703 3771 858 3833 clientelae
874 3771 970 3833 risum
986 3781 1019 3835 et
1035 3776 1196 3857 opinionis

246 3885 324 3927 meae
341 3864 544 3948 dispendium
558 3866 749 3949 publicetur.
797 3868 872 3930 Nou
889 3866 1072 3951 displicebit
1089 3882 1194 3935 tamen

245 3968 273 4029 si
301 3967 397 4031 errori
429 3988 499 4030 meo
530 3968 799 4050 compatientibus
828 3970 1012 4034 Lumbardo
1041 3973 1194 4035 secretius

245 4067 415 4133 innotuerit
431 4080 463 4132 et
478 4067 672 4133 Alexandro.
717 4072 806 4133 Alter
828 4071 914 4134 enim
938 4073 1089 4154 princeps
1104 4091 1194 4133 meus

245 4178 313 4231 est:
353 4172 430 4234 alter
456 4182 563 4235 autem
588 4172 683 4234 frater
708 4181 764 4234 aut
790 4173 912 4235 amicus
936 4172 1057 4235 ordinis
1080 4172 1193 4232 nostri.

246 4268 297 4331 Ea
321 4270 478 4351 siqnidem
501 4272 686 4336 conditione
709 4271 802 4335 emisi
831 4271 951 4348 literas,
974 4283 1021 4347 ut,
1051 4271 1079 4333 si
1104 4269 1194 4331 vobis

243 4369 430 4453 placuerint,
440 4364 679 4456 progrediantur
691 4372 731 4435 ad
743 4370 930 4453 episcopum
942 4372 1192 4436 Pictaviensem:

287 4488 358 4533 von.
375 4489 412 4535 11.
704 4489 730 4532 u
