3034 5200
337 693 399 750 224
597 702 734 745 Joaurus
749 697 1028 744 saansaaamusrs
1195 679 1240 758 [s.
1258 699 1290 742 u.

335 855 480 917 davensis
491 851 740 920 archidiaconus.
772 849 833 913 Sed
847 848 935 913 nulla
948 846 1098 911 instantia
1112 858 1290 931 potuerunt

334 954 465 1031 efficere,
481 964 516 1018 ut
531 976 584 1016 eos
599 951 659 1015 nisi
682 951 831 1015 confusos
849 949 1026 1014 dimitteret
1042 949 1190 1012 dominus
1207 972 1292 1033 papa

334 1068 503 1140 autequam
518 1076 608 1118 suum
621 1053 772 1137 reciperet
786 1051 989 1128 Gratianum,
1000 1050 1033 1112 in
1044 1050 1136 1134 cujus
1148 1049 1289 1114 adventu

334 1179 453 1220 cornua
478 1177 588 1218 eorum
615 1176 756 1239 repressa
780 1164 866 1225 sunt,
893 1163 926 1215 et
951 1162 1068 1224 retusa,
1094 1162 1126 1214 et
1150 1151 1290 1216 ecclesiae

335 1280 439 1336 causa,
461 1255 601 1319 revelata
622 1253 747 1339 plenius
771 1252 914 1328 veritate,
937 1253 1039 1333 magis
1061 1263 1092 1313 ct
1119 1252 1220 1334 magis
1240 1250 1289 1314 in·

336 1359 445 1423 valuit.
491 1359 575 1420 Nam
596 1369 627 1419 et
643 1355 832 1442 conjuratio,
849 1376 924 1439 quae
940 1351 979 1415 ad
996 1352 1098 1415 instar
1113 1353 1290 1416 schismatis

335 1461 403 1524 fieri
418 1460 593 1544 cogebatur
607 1458 638 1521 in
657 1456 788 1543 Anglia‚
804 1455 945 1519 ecclesias
960 1467 1070 1517 contra
1085 1477 1180 1539 quam
1196 1476 1288 1539 para-

334 1562 432 1627 batur
446 1561 642 1647 profectibus
664 1558 824 1622 militabit.
870 1554 1006 1642 Sequuti
1022 1568 1096 1619 sunt
1111 1555 1164 1618 alii
1180 1556 1288 1619 nuncii

335 1674 489 1748 exparte
512 1661 614 1745 regis:
647 1658 798 1744 AEgidius
821 1656 941 1721 scilicet
964 1657 1235 1742 Rothomagensis
1255 1670 1288 1722 et

334 1765 358 1826 J
359 1767 498 1827 ohannes
509 1761 667 1846 Sagiensis
678 1758 901 1838 archidiaconi,
909 1770 940 1821 et
953 1758 1093 1821 famosus
1102 1758 1154 1821 ille
1161 1759 1290 1844 jurator

335 1864 474 1927 decanus
491 1865 593 1927 Sares.
609 1874 817 1926 retractantes
832 1860 975 1946 priorum
992 1860 1170 1943 petitiones,
1185 1874 1217 1925 ct
1240 1859 1289 1924 di·

337 1978 443 2028 centes
464 1963 626 2028 dominum
646 1985 752 2046 regem
774 1983 912 2040 causam,
927 1983 1002 2047 quae
1024 1960 1232 2045 interipsum
1255 1975 1288 2026 et

338 2067 490 2130 Cantuar.
517 2063 788 2148 archiepiscopum
817 2063 964 2138 vertitur,
988 2074 1020 2125 et
1044 2062 1177 2124 formam
1200 2063 1288 2148 pacis

337 2145 421 2228 inter
435 2188 488 2227 eos
503 2164 711 2227 reformandas
723 2185 852 2248 prorsus
863 2164 896 2225 in
908 2162 1028 2225 domini
1038 2186 1131 2247 papae
1146 2164 1289 2227 conferre

337 2266 517 2339 arbitrium,
533 2279 565 2328 et
588 2286 683 2349 super
706 2263 766 2326 hoc
787 2264 888 2348 ipsius
909 2265 993 2348 regis
1012 2263 1151 2328 bullatas
1167 2264 1289 2330 litteras

337 2365 551 2453 protulerunt.
596 2363 691 2438 Quod
707 2363 855 2428 dominus
870 2387 954 2449 papa
973 2364 1142 2448 benignius
1157 2365 1289 2430 audiens

337 2468 406 2550 regi
431 2469 655 2552 gratulatorias
681 2466 807 2551 scripsit
832 2465 965 2541 litteras,
992 2487 1129 2551 quarum
1156 2466 1216 2531 tibi
1241 2490 1289 2531 re-

340 2571 492 2657 scriptum
509 2573 612 2637 mitto.
903 2574 905 2578 ’

381 2674 515 2738 Interim
531 2696 586 2737 rex
602 2695 674 2736 cum
690 2672 753 2736 alio
769 2695 855 2757 rega,
867 2671 1026 2736 mediante
1038 2673 1288 2758 Tyrensiarchi-

337 2775 497 2861 episcopo,
519 2775 559 2839 de
581 2774 720 2839 tollenda
742 2797 836 2837 cruce
858 2776 1025 2855 tractabat,
1047 2774 1140 2860 eique
1161 2798 1290 2861 persua-

338 2890 420 2940 serat
436 2877 629 2962 interpositis
649 2877 850 2941 cautionibus
868 2878 962 2961 (quas
984 2877 1120 2962 exprimi
1140 2900 1200 2962 pro
1219 2901 1289 2963 per-

338 3002 422 3042 sonae
438 2982 612 3042 reverentia
627 3001 688 3042 non
710 2980 851 3063 oportet)
867 2977 956 3062 quod
970 3000 990 3040 a
1004 2981 1150 3064 proximo
1166 2980 1290 3043 Pascha

337 3080 368 3143 in
392 3102 507 3144 annum
531 3079 710 3165 arripiendo
724 3079 830 3144 itineri
853 3078 1044 3163 accingetur.
1090 3081 1135 3144 Et
1158 3080 1289 3165 quidem

338 3182 397 3244 sub
412 3204 449 3242 eo
464 3194 624 3266 praetextu
642 3180 947 3247 Christianissimum
966 3180 1140 3267 principem
1156 3181 1188 3244 in
1203 3205 1289 3246 com·

338 3281 493 3365 ponendis
503 3284 621 3346 finibus
631 3284 844 3348 suishabebat
853 3284 1147 3369 adjutorem,donec
1156 3284 1290 3350 collusio

338 3382 417 3444 inita
433 3404 504 3443 curn
522 3386 663 3447 Hervaeo
678 3383 719 3447 de
733 3387 847 3448 Monte
863 3384 1017 3465 Mirabili,
1033 3384 1124 3449 illurn
1139 3408 1178 3448 ex
1193 3408 1289 3449 causa

337 3482 495 3568 probabili
521 3482 596 3545 fecit
627 3506 693 3545 esse
723 3495 921 3567 suspectum:
961 3486 1186 3571 suspectiorem
1212 3508 1288 3550 vero

338 3585 424 3672 quod
444 3584 638 3671 colloquium
659 3598 689 3650 et
713 3585 912 3650 concordiam
933 3587 1016 3673 regis
1039 3589 1233 3652 Francorum
1254 3601 1288 3654 et

336 3689 461 3753 comitis
484 3687 613 3752 Flandr.
637 3688 759 3754 studuit
785 3688 948 3776 impedire.
993 3691 1042 3755 Ut
1064 3704 1169 3755 tamen
1192 3691 1289 3756 devo-

337 3790 453 3854 tionem
470 3789 618 3855 tollendae
631 3791 733 3855 crucis
748 3792 944 3877 probabilius
960 3806 1126 3873 astrueret,
1135 3816 1192 3878 per
1203 3794 1288 3858 viros

337 3914 468 3976 magnos
487 3904 519 3955 et
542 3891 704 3976 religiosos
724 3908 756 3958 et
778 3917 834 3978 per
848 3894 1018 3957 familiares
1034 3917 1118 3975 suos,
1134 3894 1231 3974 (sicut
1246 3918 1288 3959 ex

335 3993 451 4057 litteris
468 4015 578 4056 eorum
594 3993 726 4075 videbis)
737 4018 808 4059 curn
824 3997 954 4059 ecclesia
969 3996 1009 4060 de
1023 4020 1102 4081 pace
1118 3998 1288 4073 tractabat,

337 4106 429 4158 utens
443 4092 562 4156 domini
581 4093 745 4178 Tyrensis,
763 4093 864 4157 officio
880 4094 911 4157 in
928 4095 987 4158 bac
1003 4118 1109 4172 causa,
1125 4097 1175 4160 cui
1191 4100 1288 4161 etiam

334 4194 546 4280 praesentibus
575 4195 828 4281 archiepiscopis,
856 4196 1024 4280 episcopis,
1049 4198 1231 4279 abbatibus,
1257 4213 1289 4265 et

335 4296 441 4360 multis
457 4295 640 4381 proceribus
655 4301 845 4373 convocatis,
862 4296 964 4382 primo
985 4301 1092 4363 Deum
1109 4313 1140 4365 et
1158 4301 1210 4380 (ut
1225 4301 1291 4365 dici
