3034 5200
299 702 339 760 74
549 712 685 757 roannrs
701 711 987 759 mansnnnransns
1157 700 1202 780 [a.
1218 718 1250 762 n.

297 866 451 931 rescribat
466 871 622 947 quatenns
639 864 820 947 profecerit,
836 866 912 950 qnia
933 877 966 930 et
980 867 1071 931 vobis
1093 879 1126 933 et
1140 870 1252 933 vestris

297 977 443 1048 sumptus
458 963 574 1026 desunt
589 985 630 1028 no
645 962 686 1027 ad
700 965 898 1047 colloquium
920 964 990 1049 ejus
1011 968 1143 1049 possitis
1157 989 1251 1031 acce·

298 1067 391 1131 dere:
416 1086 476 1129 nec
493 1074 595 1127 tutum
607 1074 655 1127 est
669 1064 767 1129 alicui
779 1076 951 1129 vestrorum
962 1067 1085 1147 ingredi
1097 1069 1249 1131 terminos

298 1169 382 1250 regis
397 1167 531 1247 Angliae.
570 1166 699 1230 Doceat
712 1186 770 1230 vos
784 1167 893 1248 magni
907 1167 1036 1231 consilii
1051 1170 1204 1250 Angelus,
1219 1179 1251 1232 et

298 1271 341 1335 sit
368 1270 403 1333 in
433 1290 487 1332 ore
517 1279 548 1332 et
576 1266 672 1331 corde
703 1289 812 1332 eorum
841 1289 922 1352 quos
947 1270 1090 1348 mittetis,
1114 1271 1252 1353 Spiritus

298 1371 445 1437 Sanctus.
483 1370 518 1434 Si
526 1371 661 1451 legatus,
671 1369 758 1453 quod
773 1371 807 1434 in
819 1370 884 1434 fine
899 1371 1072 1435 litterarum
1086 1372 1250 1456 pollicitus

297 1483 356 1552 cst,
371 1470 601 1554 adimpleverit,
618 1469 647 1535 ei
662 1470 856 1554 multiplices
878 1470 995 1552 gratias
1015 1472 1150 1535 arbitror
1171 1472 1250 1535 refe·

297 1574 422 1638 rendae.
468 1572 502 1636 si
518 1572 757 1636 Lundoniensis
780 1572 963 1657 episcopus,
977 1584 1009 1637 ct
1024 1582 1129 1637 vester
1143 1573 1247 1637 archi-

298 1676 452 1740 diaconus
475 1674 634 1757 recipiunt
663 1679 683 1736 a‘
713 1675 855 1737 Domino
881 1674 968 1758 qnod
993 1685 1163 1753 merentur,
1189 1675 1251 1738 sibi

297 1778 473 1860 imputent:
503 1795 560 1838 ros
582 1784 690 1838 tamen
712 1774 817 1838 videte
840 1797 881 1838 an
904 1776 1066 1838 sententia
1086 1787 1200 1852 vestra,
1222 1776 1251 1839 si

297 1879 405 1943 citatio
435 1898 501 1941 non
529 1875 739 1960 praecesserit,
763 1878 861 1940 robur
890 1877 932 1939 sit
959 1876 1115 1940 habitura.
1164 1873 1249 1942 Nam

298 1979 431 2057 utinam,
451 1979 535 2044 sicut
556 1977 596 2041 de
619 1976 742 2057 meritc,
763 1977 809 2042 ita
830 1976 959 2061 dejure
981 1987 1014 2040 et
1034 1977 1121 2042 facto
1143 1980 1249 2043 sortiri

298 2081 402 2166 possit
416 2082 574 2144 effectum.

296 2337 516 2402 EPISTOLA
539 2335 780 2518 CCXX{.-rn
809 2355 1021 2402 wrmrrnmnn
1043 2355 1246 2401 narranaam

678 2458 742 2503 an.
762 2439 871 2520 1167.]

588 2563 764 2628 Gnillelmo
780 2561 950 2648 Pupicrrci.

339 2698 439 2762 Fama
450 2699 599 2781 vulgante
611 2697 784 2762 didicimus
795 2720 852 2762 vos
861 2708 894 2761 et
905 2697 1071 2762 dominum
1081 2700 1245 2775 Ottonem,

296 2812 415 2866 sanctae
437 2802 593 2863 Romanae
615 2799 762 2863 ecclcsiae
784 2798 955 2862 diaconum
977 2798 1182 2879 cardinalem,
1204 2801 1247 2865 ad

191 2964 195 2972 ,
295 2919 407 2981 preces
436 2897 567 2961 illustris
603 2895 725 2959 domini
758 2896 857 2959 nostri
886 2896 970 2977 regis
998 2897 1174 2975 Anglornm
1203 2917 1246 2959 ex

294 2994 1246 3081 mandatodominipapreinpartesAquitanioedescendisse,

294 3108 331 3164 ut
351 3108 480 3162 auctore
498 3096 581 3176 Dec,
599 3097 627 3162 si
651 3095 721 3159 fieri
746 3104 864 3180 potest,
886 3097 1074 3178 Anglicanae
1098 3097 1244 3162 eeclesia

294 3203 436 3267 debitam
475 3198 615 3263 reddatis
658 3196 849 3277 libertatem,
889 3210 922 3264 et
960 3201 1043 3263 iuter
1079 3199 1246 3265 dominum

292 3324 402 3385 regem
430 3310 464 3363 et
485 3299 745 3363 Cantuariensem
768 3300 1048 3383 archiepiscopum
1077 3321 1190 3381 pacem
1213 3310 1246 3363 et

293 3401 499 3467 concordiam
521 3399 705 3462 reformetis.
749 3399 779 3460 A
801 3400 926 3480 magnis
946 3399 1040 3463 etiam
1061 3410 1094 3461 et
1115 3419 1135 3460 a
1149 3418 1241 3460 venc-

292 3500 447 3566 rabilibus
469 3500 543 3563 viris
563 3498 707 3562 anditum
731 3508 790 3575 est,
813 3498 899 3582 quod
921 3499 1072 3583 praefntus
1095 3497 1244 3561 dominus

292 3612 401 3667 noster
414 3624 473 3665 rex
487 3600 568 3665 adeo
584 3600 624 3665 de
643 3621 749 3664 amore
771 3612 875 3664 vestro
890 3600 1035 3678 confidit,
1056 3609 1093 3663 ut
1107 3600 1269 3681 consilio,

292 3715 396 3770 vestro
425 3704 459 3765 in
489 3703 639 3767 omnibus
676 3704 893 3785 obtemperare
930 3701 1125 3768 decreverit:
1156 3700 1243 3764 uude

293 3803 493 3866 vehementer
507 3803 704 3867 exhilaratus
713 3800 882 3869 consilium
894 3816 1033 3867 vestrum
1045 3812 1077 3865 et
1086 3802 1243 3867 auxilium

291 3904 371 3970 mihi
386 3902 497 3965 censui
507 3902 753 3985 implorandum,
763 3903 854 3966 vobis
864 3904 898 3967 in
908 3904 1057 3967 omnibus
1071 3901 1243 3983 pariturus,

293 4007 379 4072 salva
400 4000 608 4066 indemnitate
624 4005 840 4083 conscientiae,
861 4016 894 4069 et
908 4005 1074 4070 honestate
1087 4022 1244 4085 persona.

293 4106 434 4172 Confido
456 4103 597 4168 enimin
621 4104 764 4168 Domino
787 4106 875 4191 qnod
897 4104 977 4169 tanti
991 4124 1057 4167 non
1080 4103 1140 4167 erit
1154 4103 1240 4185 apud

292 4231 348 4274 vos
376 4207 522 4292 acceptio
552 4227 757 4287 personarum
787 4218 819 4272 et
847 4228 1024 4284 munerum,
1054 4214 1089 4268 nt
1118 4201 1240 4289 aliquid

293 4311 498 4375 committatis
518 4307 602 4373 unde
623 4308 759 4374 laedatur
781 4309 929 4385 ecclesia,
946 4308 1133 4374 scandalum
1148 4328 1244 4391 gene·
