3034 5200
329 732 371 796 82
587 749 723 796 Joauurs
740 742 1020 793 saansantunusrs
1187 732 1230 810 [a.
1248 752 1279 794 n.

330 901 491 966 institutor
522 903 616 966 nobis
645 904 679 964 in
712 903 772 964 hac
808 901 978 964 affectione
1012 901 1279 983 perseverantiam

328 1001 486 1083 largiatur,
509 1003 563 1086 qui
585 1003 686 1085 ipsius
713 1001 891 1065 affectionis
917 1000 1054 1064 eontulit
1076 1001 1280 1065 voluntatem.

327 1104 372 1166 Et
388 1103 517 1186 quidem
534 1124 607 1186 spes
621 1113 670 1166 est
688 1102 897 1166 reformandae
912 1103 1002 1184 pacis
1016 1102 1049 1163 in
1072 1102 1169 1178 brevi,
1184 1102 1279 1165 inter·-

327 1205 473 1268 veniente
490 1227 587 1287 opera
601 1215 634 1268 et
657 1205 823 1287 diligentia
838 1203 1058 1280 cardinalium,
1075 1204 1130 1286 qui
1153 1204 1195 1266 ad
1216 1205 1278 1267 hoc

326 1307 415 1369 missi
432 1318 523 1369 sunt:
548 1307 610 1368 nisi
625 1307 703 1372 forte
719 1307 782 1368 hoc
797 1327 911 1388 pacem
927 1305 1059 1380 differat,
1072 1306 1158 1388 qued
1174 1306 1276 1369 domi-

325 1427 386 1470 nus
402 1407 641 1472 Cantuariensis
652 1408 749 1469 nullis
760 1404 998 1468 conditionibus
1009 1406 1203 1489 acquiescet,
1215 1408 1278 1471 nisi

325 1511 465 1573 ecelesia
494 1511 666 1590 Anglorum
689 1509 800 1572 debita
821 1507 959 1588 gaudeat
980 1507 1135 1570 libertate.
1181 1510 1276 1582 Quod

325 1622 431 1673 autem
447 1611 522 1674 dieo
541 1610 649 1673 debita
664 1632 729 1673 non
752 1608 794 1673 ad
816 1606 952 1692 alicujus
975 1609 1112 1671 Henriei
1134 1621 1279 1694 tempora

324 1710 485 1788 referatur,
501 1710 557 1773 sed
573 1711 611 1774 ad
630 1712 715 1773 verbi
733 1711 796 1771 Dei
811 1709 969 1790 legitimas
992 1709 1186 1790 sanctiones,
1203 1714 1278 1796 quia

323 1833 365 1874 ex
380 1812 578 1894 professione
592 1833 658 1875 non
672 1811 886 1874 Henricianus
898 1832 967 1875 esse
979 1810 1086 1891 debet,
1098 1812 1156 1876 sed
1168 1812 1277 1879 Chris-

325 1913 443 1977 tianus.

367 2014 430 2078 Sed
447 2017 576 2078 fortasse
600 2015 752 2098 objicies:
789 2015 823 2077 Si
845 2016 890 2078 ita
916 2017 1036 2094 statuit,
1051 2039 1146 2100 quare
1168 2017 1272 2098 fugit?

322 2116 428 2187 Quare
444 2125 492 2177 tot
506 2126 537 2180 et
552 2111 649 2178 tantis
671 2115 822 2198 periculis
844 2115 997 2198 exposuit
1021 2117 1201 2195 eeclesiam,
1215 2140 1273 2202 pro

321 2239 385 2300 qua
397 2216 618 2281 sacerdotibus
633 2217 773 2280 animam
789 2217 970 2299 ponendam
983 2239 1052 2281 esse
1067 2232 1274 2301 praenoverat,

321 2319 350 2381 si
379 2321 466 2400 leges
494 2319 677 2402 principum
708 2330 740 2383 et
770 2319 870 2383 avitas
903 2320 994 2401 regni
1024 2321 1273 2386 eonsuetudines

318 2418 436 2482 divinis
448 2419 667 2482 sanctionibus
682 2430 875 2503 postponere
889 2418 1050 2483 decernit?
1076 2443 1173 2504 quare
1184 2423 1271 2506 apud

317 2519 554 2584 clarendonam
582 2522 616 2583 in
645 2524 851 2605 reprobarum
882 2521 1149 2585 consuetudinum
1175 2526 1273 2587 verba

311 2622 444 2706 juravit,
470 2644 542 2705 quae
569 2623 684 2687 divinis
710 2624 847 2705 legibus,
875 2633 908 2686 et
936 2632 1117 2686 sanctorum
1145 2637 1271 2708 patrum

315 2724 605 2788 consuetudinibus
627 2726 755 2809 penitus
777 2721 1004 2787 adversantur?
1036 2724 1140 2795 Quare
1156 2746 1190 2787 se
1205 2747 1270 2789 non

312 2826 428 2908 ingerit
448 2836 484 2890 ut
504 2827 538 2890 in
562 2837 738 2910 conspeetu
761 2846 869 2907 regum
893 2834 926 2887 et
951 2822 1134 2906 principum
1160 2826 1266 2905 legem

315 2927 381 2989 Dei
395 2929 542 3011 loquatur
555 2926 758 3011 intrepidus?
781 2925 864 2988 Haec
879 2923 963 2987 enim
976 2922 1084 2987 omnia
1098 2934 1208 3006 gentes
1222 2926 1270 2988 in·

314 3026 451 3111 quirunt.
497 3030 595 3110 Fugae
611 3030 743 3114 quidem
766 3028 865 3092 habet
879 3038 1040 3095 auctorem
1057 3026 1217 3092 Christum
1233 3038 1267 3093 et

312 3132 492 3212 apostolum
517 3132 597 3214 ejus,
618 3132 675 3215 qui
697 3131 847 3195 dimissus
872 3131 906 3193 in
933 3139 1041 3213 sporta
1069 3150 1264 3214 persequen-

308 3232 386 3298 tium
419 3253 532 3296 manus
560 3232 670 3308 evasit,
695 3233 802 3294 sciens
831 3254 851 3296 a
879 3232 961 3294 facie
990 3251 1170 3313 personam,
1196 3255 1262 3296 non

308 3354 450 3412 causam,
463 3333 683 3418 persequentis
699 3333 739 3396 ab
754 3353 820 3394 una
839 3332 966 3395 civitate
981 3331 1168 3412 fugiendum
1191 3355 1261 3396 esse

309 3436 343 3497 in
359 3436 465 3499 aliam.
506 3434 646 3498 Videbat
657 3433 742 3496 enim
754 3453 846 3514 reges
857 3442 888 3495 et
899 3431 1063 3514 principes
1076 3434 1263 3497 convenisse

310 3536 461 3599 adversus
476 3536 652 3598 Dominum
668 3547 700 3598 et
714 3532 866 3597 adversus
882 3532 1045 3597 Christum
1061 3533 1139 3617 ejus.
1179 3534 1266 3598 Con·

308 3637 390 3716 sugit
400 3659 474 3719 ergo
487 3637 527 3700 ad
539 3639 720 3701 Romanum
730 3634 918 3720 pontificem
932 3656 1026 3719 quem
1039 3637 1265 3719 appellaverat,

308 3745 344 3797 ut
365 3735 433 3818 ejus
456 3740 606 3819 praesidio
621 3740 762 3803 validius
784 3739 993 3823 opitularetur
1015 3740 1162 3803 eeclesiae
1185 3760 1262 3802 nau·

306 3836 456 3916 fraganti,
471 3859 566 3919 quam
587 3841 620 3902 in
645 3842 770 3923 Anglia‚
786 3852 821 3904 ut
836 3840 961 3919 dicitur,
976 3842 1140 3924 principes
1158 3861 1262 3903 saeer-

306 3939 416 4001 dotum
433 3938 571 4001 maxime
590 3943 848 4024 submergebant.
895 3944 969 4005 Hoc
994 3951 1101 4004 autem
1117 3937 1262 4003 nonfuit

304 4039 473 4104 eeclesiam
488 4058 663 4120 exponere,
675 4043 732 4105 sed
746 4044 928 4107 liberationi
944 4042 1012 4126 ejus
1027 4062 1157 4124 operam
1173 4040 1256 4104 dare.

303 4142 376 4204 Nisi
391 4142 470 4203 forte
486 4151 519 4203 et
533 4140 586 4203 ille
604 4142 664 4203 tibi
687 4165 802 4207 navem
825 4145 1004 4226 relinquere
1020 4141 1174 4220 videatur,
1189 4142 1257 4226 qui,

303 4255 340 4306 ut
367 4267 437 4307 eam
463 4245 505 4308 ad
536 4255 660 4328 portum
691 4248 865 4329 pertrahat,
892 4245 1042 4327 scapham
1073 4245 1259 4327 ingreditur.

304 4345 572 4411 Pollicitationem
605 4348 830 4426 Clarendonae,
859 4347 901 4411 ad
931 4368 1025 4430 quam
1056 4346 1095 4409 de
1127 4346 1260 4411 consilio
