3034 5200
276 700 385 781 lna]
655 715 836 760 nrusroun.⁴
1160 700 1223 757 287

284 957 503 1023 EPISTOLA
527 953 796 1018 cccxxi-io
812 970 968 1014 nosonun
984 968 1209 1013 oannrnaunn.

642 1057 687 1130 [a.
700 1073 729 1116 n.
750 1051 858 1130 1173.]

282 1242 460 1305 Venerabili
486 1241 624 1302 Domino
648 1248 676 1301 et
704 1239 795 1318 patri
824 1237 989 1298 carissimo
1018 1234 1138 1297 Bosont'
1163 1235 1229 1296 Dei

314 1345 425 1425 gratia
455 1348 575 1404 sancte
603 1341 696 1402 Rom.
729 1341 880 1402 Ecclesiae
910 1337 1099 1418 Presbytero
1130 1336 1230 1401 θανά.

319 1465 397 1506 sans
419 1445 563 1506 loannes
584 1441 621 1504 de
643 1443 716 1505 Sor.
740 1444 887 1515 salutem,
912 1445 943 1501 et
961 1445 1120 1520 promptae
1141 1440 1230 1500 deno·

322 1548 418 1608 tionis
432 1545 626 1624 obsequium.

322 1675 566 1741 Fanruraruras
589 1695 683 1759 quarn
708 1694 726 1735 a
749 1671 862 1735 diebus
884 1672 1005 1735 domini
1028 1671 1121 1735 Lucii
1145 1671 1230 1735 Can·

278 1775 490 1841 tuariensibus
520 1774 649 1837 dilectio
679 1783 783 1836 vestra
812 1794 938 1857 semper
967 1771 1120 1846 exhibuit,
1152 1770 1230 1833 mihi

278 1880 413 1943 multam
425 1879 481 1941 dat
495 1876 580 1962 apud
595 1899 649 1941 vos
661 1875 894 1940 interveniendi
910 1875 1076 1941 fiduciam:
1102 1886 1137 1938 ut
1146 1874 1231 1961 quod

278 1978 458 2043 necessitati
471 1990 585 2041 nostrae
597 1989 630 2040 et
645 1976 737 2040 saluti
749 1987 862 2039 vestrae
874 1975 1024 2061 expedire
1036 1998 1098 2039 non
1111 1975 1233 2052 dubito,

278 2081 413 2146 bonitati
426 2093 538 2146 vestrae
548 2069 748 2143 confidenter
763 2100 929 2162 exponam.
962 2078 1155 2142 Meministis
1167 2101 1233 2163 prae

278 2185 401 2249 coeteris
413 2183 563 2272 quoniam
574 2182 718 2246 ecclesiae
730 2181 887 2245 Romanae
899 2183 1026 2266 negotia
1035 2205 1101 2267 prae
1111 2181 1235 2246 caeteris

279 2287 442 2369 didicistis,
464 2286 624 2372 quomodo
648 2285 886 2352 Cantuariensis
915 2285 1047 2350 ecclesia
1068 2286 1137 2349 sedi
1158 2308 1234 2370 apo-

280 2389 400 2453 stolicae
415 2388 512 2451 fidem
529 2399 562 2450 et
573 2386 774 2450 devotionem
791 2408 916 2472 semper
927 2386 1072 2451 exhibuit
1086 2388 1151 2451 fere
1167 2410 1234 2472 prae

280 2489 406 2554 caeteris
425 2511 498 2575 quae
513 2490 546 2550 in
562 2488 639 2551 orbe
662 2500 744 2552 sunt.
791 2487 944 2552 Recolitis
966 2489 1052 2552 enim
1075 2489 1235 2575 quomodo

280 2592 375 2657 bonae
401 2591 565 2655 memoriae
593 2589 800 2655 Theobaldue
826 2590 969 2675 ejusdem
998 2591 1235 2658 Cantuariensis

280 2693 424 2757 ecclesiae
447 2692 701 2777 archiepiscopus
724 2691 845 2755 amicus
869 2704 972 2755 vester
993 2714 1120 2778 quoque
1142 2692 1234 2756 sarni·

280 2796 375 2871 liaris,
402 2818 460 2881 pro
491 2796 611 2859 tuendo
631 2796 705 2880 jure
732 2795 876 2859 ecclesiae
901 2808 934 2859 et
959 2795 1235 2860 constitutionibus

280 2897 555 2982 apostolicaesedis
570 2897 751 2984 pertulerit:
775 2909 808 2959 et
820 2898 980 2983 quomodo
991 2897 1124 2961 ecclesia
1134 2898 1237 2967 anchi-

280 2999 443 3085 episcopos
460 3012 619 3085 martyres
642 3021 768 3083 semper
790 2999 938 3063 habuerit
964 3014 1019 3063 aut
1044 3000 1236 3064 consessores

281 3099 435 3184 egregios.
468 3100 553 3173 Quia
569 3122 644 3183 ergo
656 3100 744 3163 vobis
759 3099 902 3163 ecclesiae
918 3122 1043 3166 cansam
1055 3102 1095 3165 ad
1105 3101 1236 3186 plenum

282 3200 539 3275 commendatam
567 3221 635 3263 esse
665 3223 727 3264 non
759 3201 883 3277 dubito,
909 3202 1094 3286 paternitati
1123 3214 1237 3267 restrae

283 3323 393 3387 preces
409 3313 542 3387 quantas
558 3302 640 3387 patri
655 3316 687 3366 et
707 3303 838 3369 domino
853 3304 929 3368 licet
949 3304 1150 3370 devotissime
1167 3328 1238 3390 por·

283 3403 362 3487 rigo,
388 3402 537 3489 quatinus
562 3403 699 3468 electum
727 3418 868 3469 nostrum
895 3407 1001 3484 tantis,
1027 3421 1062 3472 ut
1086 3432 1156 3495 spes
1180 3420 1238 3488 est,

283 3504 500 3568 decessoribus
515 3504 665 3568 idoneum
682 3526 906 3580 successorem,
923 3519 956 3570 et
975 3508 1063 3572 vobis
1079 3513 1151 3571 Deo
1165 3530 1237 3590 pro-

283 3605 414 3692 pitiante
436 3605 673 3670 devotissimum
700 3606 847 3685 inomni
871 3618 1016 3692 ternpore
1041 3630 1080 3670 ea
1105 3607 1236 3669 caritate
1315 3620 1319 3630 “

284 3707 532 3793 amplectamini,
548 3721 582 3771 et
596 3707 762 3790 diligentia
777 3708 942 3783 tueamini,
959 3729 1022 3793 qua
1041 3708 1147 3771 fovere
1163 3729 1238 3771 con-

285 3808 427 3872 suevistis
442 3808 614 3872 anteriores
636 3808 897 3893 archiepiscopos
914 3808 989 3894 quia
1010 3810 1125 3894 ipsein
1146 3811 1256 3873 obse--

285 3911 360 3995 quio
376 3921 479 3974 vestro
494 3933 551 3997 pro
567 3909 717 3975 facultate
733 3932 790 3975 sua
809 3910 965 3995 prioribus
981 3934 1043 3975 non
1060 3912 1239 3976 invenietur

287 4010 424 4077 inferior.
