3034 5200
264 741 372 820 llos]
648 759 830 806 urrsroun.
1158 749 1217 807 113

260 914 420 976 voluntate
444 914 534 976 vobis
557 913 660 975 offerri
683 912 804 988 dicitis,
821 914 956 977 faciatis.
1001 912 1066 976 Sed
1090 914 1211 977 utinam

259 1014 315 1077 illa
343 1015 478 1078 formula
507 1025 722 1090 conservetur,
754 1037 837 1098 quae,
866 1016 1071 1098 proveniente
1106 1037 1211 1080 rerum

260 1118 409 1195 utilitate,
423 1139 483 1182 nec
507 1117 653 1200 opinioni
675 1128 787 1181 vestrae
810 1117 1007 1202 praejudicet,
1024 1138 1084 1182 nec
1108 1120 1214 1182 saluti.

183 1225 188 1228 ’
260 1218 305 1280 Et
335 1218 465 1301 quidem
493 1219 655 1303 plerisque
684 1229 828 1281 nostrum
858 1220 967 1282 oblata
995 1229 1044 1281 est
1071 1220 1214 1283 conditio

261 1319 363 1401 pacis,
389 1320 447 1383 sed
471 1320 611 1402 exigitur
632 1321 673 1383 ab
700 1321 849 1383 omnibus
874 1320 1101 1403 juramentum,
1126 1321 1213 1404 quod

262 1421 330 1484 sine
346 1421 510 1502 religionis
526 1420 696 1506 dispendio
713 1442 778 1483 non
791 1423 886 1500 valet,
899 1431 934 1484 ut
949 1422 1092 1497 arbitror,
1105 1424 1211 1485 obser-

262 1524 337 1585 vari.
376 1524 460 1586 Nam
478 1523 640 1608 quomodo
655 1523 738 1587 fides
752 1525 854 1587 illaesa
869 1524 1054 1601 servabitur,
1065 1524 1093 1586 si
1107 1535 1214 1606 pasto-

189 1679 195 1686 .
265 1622 355 1687 ribus
371 1636 404 1688 et
418 1626 555 1708 praelatis
571 1625 736 1709 subjectos*
748 1627 782 1689 in
797 1626 859 1703 his,
874 1646 947 1708 quae
971 1625 1036 1688 Dei
1051 1635 1135 1702 sunt,
1148 1646 1214 1688 non

264 1726 359 1789 liceat
374 1724 526 1790 obedire?
549 1727 642 1812 Licet
657 1736 761 1789 autem
773 1725 1000 1789 inobedientiae
1012 1725 1132 1788 crimen
1148 1747 1214 1789 non

263 1829 458 1912 exprimatur
472 1829 506 1891 in
522 1828 680 1906 cautione,
695 1839 815 1891 certum
830 1848 894 1890 non
911 1836 960 1890 est
982 1827 1060 1911 quid
1076 1838 1214 1892 vertatur

261 1929 294 1991 in
311 1930 417 1993 animo
432 1930 603 2012 exigentis.
648 1931 758 1993 Unum
774 1930 853 2008 scio,
869 1930 955 2013 quod
978 1951 1072 1993 nemo
1093 1930 1214 1993 domini
1301 1944 1305 1950 '

262 2032 344 2113 regis
380 2033 513 2113 gratiam
548 2032 666 2116 poterit
704 2032 850 2108 retinere,
885 2032 940 2115 qui
974 2031 1216 2114 archiepiscopo

263 2134 485 2199 cantuariensi
501 2136 561 2198 sub
576 2136 638 2198 hac
653 2143 843 2215 tempestate
867 2143 969 2197 servet
987 2132 1215 2212 obedientiam,

261 2244 316 2298 aut
339 2258 411 2298 cum
435 2257 474 2299 eo
499 2234 647 2298 credatur
669 2234 788 2296 habere
811 2233 952 2296 caritatis
976 2234 1213 2296 commercium.

261 2338 328 2399 Vos
343 2348 450 2398 autem
468 2334 508 2397 de
524 2336 637 2398 ovibus
652 2334 722 2419 ejus
743 2336 833 2412 estis,
846 2345 890 2409 et,
905 2346 942 2397 ut
968 2336 1093 2419 opinor,
1108 2336 1212 2418 ipsum

262 2440 399 2521 primum
415 2447 469 2500 aut
486 2438 571 2500 inter
593 2438 713 2520 primos
736 2459 755 2500 a
779 2438 922 2500 Domino
946 2438 1113 2520 recepistis
1139 2459 1212 2520 pas·

263 2551 374 2603 torem.
415 2537 531 2603 Videte
546 2559 632 2621 ergo,
646 2537 855 2602 dilectissime
871 2539 976 2616 frater,
991 2550 1023 2602 et
1038 2538 1213 2623 providete,

265 2652 300 2704 ut
315 2650 407 2705 caute
430 2641 610 2717 ambuletis,
625 2664 666 2705 ne
690 2641 893 2722 perturbatio,
910 2642 998 2725 quod
1021 2662 1041 2704 a
1065 2641 1217 2723 gravitate

264 2743 448 2827 philosophi
478 2765 605 2827 semper
636 2744 774 2807 alienum
806 2756 864 2822 est,
894 2743 1076 2807 dominetur
1110 2745 1216 2807 auimo

265 2858 375 2923 restro,
400 2867 452 2924 ne,
478 2846 550 2930 ipsa
573 2844 771 2931 impellente,
796 2848 860 2910 tale
891 2845 968 2930 quid
1000 2844 1216 2927 committatis,

264 2947 358 3030 eujus
389 2948 592 3029 postmodum
619 2970 688 3011 sera
715 2948 755 3011 sit
785 2948 983 3031 paenitentia.
1036 2949 1150 3014 Potius
1175 2950 1217 3014 ad

188 3036 190 3039 Α
266 3048 426 3121 orationis,
452 3057 484 3111 et
509 3049 763 3131 elemosynarum
789 3070 876 3112 arma
901 3050 1075 3131 confugite,
1101 3064 1218 3117 utros

266 3151 357 3211 Deus
368 3169 440 3210 cum
454 3150 523 3211 aliis
532 3149 629 3232 justis
642 3149 780 3213 deducat
790 3172 848 3233 per
859 3151 925 3215 rias
936 3162 1050 3230 rectas,
1063 3163 1094 3216 et
1106 3157 1218 3219 ambu-

265 3251 331 3313 lare
346 3249 444 3312 faciat
458 3249 491 3311 in
507 3250 629 3313 semitis
649 3253 725 3332 suis,
740 3252 796 3336 qui
821 3252 1029 3334 diligentibus
1052 3278 1086 3319 se
1110 3260 1219 3323 omnia

265 3360 456 3435 cooperatur
466 3351 498 3413 in
511 3353 640 3416 bonum.
680 3355 741 3417 Ille
754 3377 810 3418 ros
821 3356 984 3438 expediet,
996 3357 1089 3441 cujus
1100 3381 1217 3423 nomen

266 3454 436 3517 fortissima
461 3454 557 3517 turris
581 3466 638 3534 est,
653 3467 685 3520 et
706 3457 766 3519 erit
779 3458 824 3519 rei
843 3458 1007 3541 jucundus
1030 3461 1147 3537 exitus,
1164 3464 1220 3545 qui

266 3558 361 3622 talem
378 3557 510 3620 habebit
525 3568 556 3620 et
571 3568 693 3622 tautum
711 3559 836 3623 ducem.

306 3660 475 3722 Tractatur
496 3658 536 3722 de
558 3681 639 3742 pace
662 3681 782 3743 regum,
803 3671 835 3724 et
857 3662 962 3725 adhuc
985 3661 1124 3725 creditur
1145 3686 1219 3747 pro·

265 3770 405 3823 ventura.
444 3760 563 3822 Noster
575 3760 701 3823 interim
718 3762 791 3824 silet
806 3762 902 3825 orbis,
937 3762 1036 3825 Unde
1051 3784 1110 3827 nec
1134 3788 1219 3831 nova

265 3862 382 3940 scribo,
406 3860 469 3923 nisi
497 3861 584 3943 quod
610 3882 718 3924 comes
748 3863 932 3927 Leicestriae
962 3864 1155 3929 obdormivit
1184 3868 1218 3928 in

265 3963 416 4026 Domino.
462 3960 581 4025 Comes
602 3962 762 4026 Patricius
783 3985 803 4026 a
829 3966 1056 4030 rebellantibus
1078 3967 1220 4028 Pictaris

267 4066 393 4128 occisus
422 4076 479 4127 est.
540 4065 700 4128 Dominus
727 4066 933 4131 Camotensis
963 4069 1083 4129 electus
1110 4073 1158 4125 est
1186 4064 1219 4126 iu

269 4166 546 4249 archiepiscopum
562 4167 793 4231 Senonensem.
838 4169 960 4231 Valete.

314 4488 384 4534 von.
410 4477 447 4534 11.
