3034 5200
300 714 360 774 lae
580 727 715 772 scaurus
732 726 1012 772 saansaanrausrs
1156 711 1200 790 [a.
1220 732 1251 773 n.

303 880 476 961 diligentia,
490 890 522 943 et
536 890 602 945 tota
616 881 733 944 mentis
745 879 963 944 sollicitudine
978 901 1104 963 semper
1115 891 1258 946 teneatur

301 983 423 1045 amicus
445 982 521 1046 dum
539 982 607 1045 fieri
628 991 734 1065 potest
755 982 909 1045 incolumi
932 982 1101 1062 religione:
1134 984 1161 1045 si
1183 1004 1257 1046 vero

277 1090 280 1094 ’
302 1083 470 1163 contingat
483 1084 634 1148 articulus
654 1093 690 1145 ut
706 1092 762 1145 aut
776 1083 882 1165 ipsum
902 1082 1064 1146 offendere
1080 1086 1256 1148 necessitas

301 1194 422 1266 urgeat,
443 1196 498 1249 aut
518 1206 664 1269 peccare,
690 1185 780 1248 Deus
805 1196 855 1248 est
876 1184 1101 1266 preferendus,
1123 1196 1159 1248 ut
1179 1207 1257 1249 corr·

302 1287 445 1350 scientiae
461 1294 602 1350 servetur
614 1286 789 1368 integritas.
820 1287 890 1348 Nec
905 1285 973 1348 fieri
988 1287 1073 1348 mala
1086 1284 1205 1352 debent
1220 1301 1257 1352 ut

302 1390 493 1471 proveniant
504 1392 604 1452 bona:
628 1410 688 1456 nec
705 1387 835 1451 offensis
847 1386 1005 1470 placanda
1019 1395 1069 1449 cst
1078 1387 1258 1470 indignatio

304 1491 478 1575 majestatis
498 1501 533 1554 ut
548 1490 691 1553 fidelium
715 1510 843 1551 suorum
859 1500 1023 1551 convertat
1045 1498 1100 1551 aut
1114 1500 1259 1553 conterat

304 1589 462 1655 inimicos.
506 1592 541 1655 si
555 1592 609 1654 ille
624 1611 683 1674 pro
698 1589 802 1667 nobis,
819 1588 892 1672 quis
907 1599 1017 1651 contra
1031 1587 1113 1651 nos?
1146 1592 1259 1675 ltaque

221 1679 223 1684 ¹
305 1691 332 1754 si
353 1692 610 1755 ratihabitionem
632 1690 808 1769 exegerint,
830 1691 855 1752 si
878 1689 1027 1772 petierint
1053 1692 1261 1774 subscriptio·

235 1832 237 1836 -
304 1813 390 1867 nem,
405 1792 485 1855 mihi
505 1791 639 1869 videtur,
662 1792 749 1853 salva
770 1791 945 1854 reverentia
968 1791 1092 1854 consilii
1116 1794 1258 1876 potioris,

305 1891 392 1977 qnod
413 1891 524 1955 dilatio
546 1891 612 1973 peti
635 1900 752 1974 potest,
768 1891 871 1955 donec
895 1893 1068 1977 episcopus
1089 1895 1258 1959 ecclesiam

304 2014 394 2057 suam
410 1995 569 2068 consulat,
581 2003 614 2056 et
628 1993 792 2074 religiosos
803 1994 886 2057 viros
903 1995 1064 2077 parochiae
1076 2018 1151 2061 suae.
1182 1999 1259 2060 Non

304 2094 390 2158 enim
413 2093 536 2157 videtur
558 2093 685 2176 grandis
708 2115 779 2158 esse
801 2094 990 2178 prudentiae,
1013 2099 1041 2161 si
1067 2099 1164 2162 bomo
1190 2099 1259 2162 sine

305 2199 435 2279 querela
446 2217 479 2260 sc
490 2198 657 2278 immergat
669 2197 782 2277 litigiis
794 2198 925 2261 alienis:
953 2211 985 2262 et
1000 2222 1097 2284 quum
1112 2202 1202 2265 testis
1218 2203 1260 2265 sit

304 2320 442 2363 asserere
458 2321 530 2383 quae
552 2297 630 2362 vidit
651 2308 683 2362 et
703 2299 835 2377 audivit,
850 2299 928 2383 quid
946 2304 1113 2368 testificari
1133 2304 1259 2388 poterit,

303 2403 358 2486 qui
373 2424 433 2465 nec
449 2401 592 2464 interfuit
606 2401 747 2482 negotio,
760 2423 820 2466 nec
835 2403 925 2466 audit
938 2404 1000 2466 nisi
1016 2406 1115 2487 partis
1130 2405 1259 2470 alterius

304 2504 414 2577 hostes
436 2511 614 2588 quaerentes
631 2524 703 2586 quae
726 2524 785 2565 sua
806 2513 892 2579 sunt,
915 2526 980 2567 non
1004 2528 1076 2589 quac
1101 2508 1186 2570 Dei?
1214 2509 1260 2571 Et

304 2607 365 2671 hac
392 2605 506 2670 eadem
531 2605 655 2670 ratione
681 2605 728 2669 uti
754 2616 914 2689 poterunt,
941 2608 996 2691 qui
1024 2611 1260 2692 appellantibus

305 2709 485 2774 defuerunt:
503 2708 678 2791 praesertim
688 2729 787 2791 quum
798 2729 857 2771 nec
867 2707 1087 2772 mandaverint
1095 2714 1259 2794 appellari,

303 2833 364 2876 nec
381 2811 502 2875 conscii
517 2810 645 2874 fuerint.
690 2809 854 2884 Poterunt,
876 2809 1019 2893 iuquam,
1035 2810 1060 2872 si
1083 2812 1138 2893 qui
1152 2823 1257 2875 tamen

304 2912 425 2976 suntin
440 2922 528 2975 tanto
549 2932 657 2993 regno,
672 2911 727 2995 qui
748 2910 922 2985 veritatem,
940 2932 1036 2994 quam
1057 2923 1163 2975 mentc
1180 2934 1258 2975 con-

304 3024 466 3096 ceperunt,
479 3013 618 3076 audeaut
629 3009 780 3096 profiteri.
811 3012 1048 3076 Loudoniensis
1060 3014 1152 3077 timet
1161 3012 1259 3098 capiti

304 3135 374 3191 suo,
393 3124 425 3177 et
450 3114 524 3177 ideo
546 3114 661 3178 furoris
684 3114 789 3178 socios
812 3115 937 3198 quaerit,
958 3126 995 3177 ut
1015 3128 1178 3179 remaneat
1200 3117 1258 3179 im-

302 3218 450 3300 punitum
475 3217 563 3301 quod
587 3239 605 3280 a
631 3228 694 3279 tam
719 3217 828 3281 multis
853 3218 1032 3282 constiterit
1056 3219 1152 3283 fuisse
1177 3241 1258 3304 prae-

302 3331 473 3402 sumptum.
520 3318 617 3389 Quod
642 3319 671 3379 si
694 3318 866 3382 instantius
889 3329 1033 3399 urgeant,
1053 3318 1211 3383 deferatur
1232 3322 1258 3383 si

302 3421 371 3482 ficri
399 3431 506 3503 potest
536 3419 577 3480 ad
607 3416 814 3481 cardinalium
850 3419 1127 3481 consultationem.
1181 3420 1256 3482 Hoc

302 3535 406 3586 tamen
423 3521 577 3584 voluntati
592 3520 676 3599 regis
690 3518 874 3600 negandum
890 3515 952 3582 n'ou
970 3521 1040 3597 erit,
1052 3520 1128 3602 quin
1145 3541 1202 3602 pro
1219 3542 1257 3583 eo

303 3625 466 3701 scribatur,
486 3622 637 3706 quatinus
660 3622 841 3704 apparuerit
857 3621 984 3705 justitia
1005 3622 1092 3705 ejus:
1125 3635 1157 3686 et
1178 3644 1255 3685 exo-

301 3735 385 3788 retur
408 3724 556 3788 dominus
578 3746 663 3808 papa
684 3733 720 3787 ut
741 3724 888 3787 ecclcsiae
914 3724 1063 3786 reformet
1089 3746 1202 3808 pacem
1226 3737 1258 3788 et

301 3826 385 3906 regis
406 3824 558 3888 honorem
583 3836 694 3903 servet,
717 3835 747 3888 et
767 3826 927 3910 justitiam
953 3838 1149 3909 promoveat,
1172 3828 1257 3891 sicut

300 3928 445 3993 docuerit
461 3928 596 4009 Spiritus
612 3928 758 3993 Sanctae.
792 3929 827 3993 Si
843 3942 949 3994 autem
964 3930 1157 4015 specialiora
1171 3950 1258 4010 quae-

301 4033 423 4107 sierint,
440 4029 596 4115 quicquid
619 4042 728 4095 contra
751 4034 980 4097 conscientiam
1005 4041 1037 4094 et
1058 4031 1257 4094 honestatem

301 4134 550 4218 specificabitur,
560 4154 626 4195 non
640 4133 774 4198 habebit
785 4135 925 4217 speciem
937 4134 986 4195 vel
1003 4132 1161 4209 decorem,
1170 4145 1256 4197 certe

301 4238 474 4301 necessitas
494 4237 613 4300 felices.
660 4236 944 4320 Persequutionem
966 4256 1071 4298 causae
1094 4236 1257 4319 suscipere

279 4345 282 4350 ’
300 4340 428 4422 quidem
445 4363 508 4403 uon
525 4339 672 4423 expedit:
697 4339 754 4402 sed
772 4339 824 4422 qui
841 4347 972 4402 coactus
988 4339 1092 4415 fuerit,
1104 4339 1258 4419 gaudebit
