3034 5200
287 726 396 804 1168.]
676 743 854 788 aristosa.
1181 733 1242 792 1⁷5

287 893 469 977 sapientiae:
498 890 633 956 Amicus
655 914 717 955 non
740 905 949 976 cognoscetur
968 894 1002 957 in
1029 893 1131 975 bonis,
1152 907 1184 958 et
1206 895 1240 960 in

285 993 376 1058 malis
400 1016 461 1058 non
491 993 704 1057 abscondetur
727 993 884 1059 inimicus.
930 998 1096 1060 Nostrates
1122 1009 1240 1074 manet,

285 1095 375 1179 quod
390 1094 456 1159 sine
472 1095 581 1160 dolore
596 1117 659 1159 non
682 1095 824 1180 eloquor,
840 1100 909 1161 haec
931 1096 1105 1181 ignominia
1126 1101 1241 1183 sempi-

287 1205 383 1261 terna.
409 1199 476 1261 Nec
488 1197 549 1261 hoc
560 1196 695 1260 dixerim
706 1196 793 1282 quod
806 1198 944 1262 fidelitas
955 1198 1022 1282 regi
1033 1198 1177 1284 praestita
1188 1199 1241 1265 lae-

284 1296 379 1362 datur
400 1299 441 1362 ab
457 1298 577 1382 aliquo,
599 1296 659 1360 nisi
680 1297 764 1360 forte
780 1297 820 1362 sit
841 1302 982 1383 praestita
1004 1312 1115 1363 contra
1133 1299 1240 1364 fidem.
1307 1293 1321 1316 ⁸

286 1401 369 1462 Nam
393 1400 437 1463 sic
458 1400 619 1464 interdum
642 1399 722 1463 fides
744 1401 887 1484 exigitur
909 1413 941 1465 et
970 1414 1154 1487 praestatur,
1182 1403 1239 1467 ubi

284 1501 384 1565 satius
399 1514 447 1565 est
470 1501 634 1587 poenitere,
652 1523 749 1585 quam
770 1501 897 1588 perdita
917 1504 1048 1567 caritate
1072 1504 1132 1567 sub
1157 1526 1239 1588 prae·

284 1614 374 1666 textu
390 1602 554 1667 fidelitatis
568 1602 663 1667 fidem
679 1601 861 1686 periclitari.
886 1604 1010 1667 Veritas
1026 1604 1103 1690 quia
1115 1605 1239 1669 directa

282 1716 407 1766 estnon
429 1704 525 1767 habet
547 1703 703 1788 angulos:
727 1704 831 1788 etqui
854 1728 887 1769 se
908 1708 1073 1770 mendacio
1094 1707 1160 1770 solo
1182 1730 1239 1793 op-

284 1806 379 1890 perit,
391 1804 498 1868 nudus
510 1818 557 1869 est
563 1829 572 1883 ;
588 1805 648 1868 boc
658 1804 903 1890 proscribendus
915 1808 1010 1870 sensit
1023 1807 1141 1871 Adam.
1164 1811 1239 1871 Non

283 1917 330 1969 est
340 1906 449 1992 justus
471 1920 575 1971 metus
598 1907 654 1990 qui
669 1907 770 1971 divini
790 1909 932 1973 mandati
954 1921 1172 1995 contemptum
1193 1909 1239 1972 in-

282 2007 373 2091 gerit.
421 2009 528 2073 Rarus
549 2020 604 2073 aut
630 2009 738 2093 potius
757 2009 868 2074 nullus
888 2011 1008 2096 estqui
1034 2032 1095 2073 non
1122 2010 1238 2074 habeat

283 2131 431 2174 arcanum
455 2110 521 2195 regi
544 2110 754 2196 incognitum,
770 2123 802 2174 et
824 2113 941 2197 quiex
963 2110 1141 2175 delatorum
1163 2135 1237 2175 con·

285 2211 414 2276 scientia
429 2211 524 2276 faciat
539 2235 648 2275 omnes
664 2227 821 2297 sumptus.
851 2216 933 2278 Haec
947 2237 987 2278 ex
1002 2213 1144 2290 caritate,
1160 2216 1238 2300 quia

283 2334 323 2374 ex
339 2335 375 2376 ea
390 2328 622 2398 processerunt,
636 2335 694 2399 par
709 2326 756 2377 est
773 2313 988 2400 interpretari.

324 2602 547 2666 EPISTOLA
570 2603 878 2668 ccultum-an
892 2626 1047 2670 soranam
1064 2626 1191 2671 rrcrav.

527 2722 728 2769 amscoeuu.
771 2708 859 2782 [an.
879 2708 989 2794 1¹(le

322 2867 436 2930 Joanni
449 2868 636 2931 Pictaviensi
650 2871 799 2953 Episcopo
812 2870 943 2934 Joaunes
957 2871 1192 2935 saresberiensis.

328 3008 498 3072 Minerua
522 3009 652 3074 fortasse
672 3021 777 3074 vestra
799 3008 957 3085 discretio,
978 3008 1065 3095 quod
1089 3008 1236 3073 dominus

285 3109 522 3173 Cantuariensis
543 3110 736 3194 colloquium
760 3110 842 3193 regis
866 3109 1004 3194 Angliae,
1027 3110 1114 3197 quod
1132 3121 1237 3175 restra

281 3224 505 3297 procuraverat
519 3212 685 3292 industria,
695 3213 825 3297 respuit,
841 3234 940 3300 quum
956 3225 1051 3276 antea
1065 3212 1181 3298 saepius
1195 3214 1236 3278 ad

283 3313 477 3399 colloquium
511 3313 579 3397 ejus
616 3314 782 3378 accesserit
819 3337 881 3378 non
919 3326 1058 3399 rogatus,
1088 3328 1121 3379 et
1149 3316 1237 3403 quod

279 3418 416 3502 amplius
430 3428 488 3497 est,
504 3429 627 3502 spretus
647 3418 680 3481 in
703 3417 930 3483 contumeliam
950 3417 1079 3496 Christi,
1096 3430 1129 3482 et
1143 3418 1237 3483 variis

279 3520 410 3584 affectus
432 3519 564 3604 injuriis.
611 3519 690 3584 Erat
712 3520 799 3584 enim
822 3519 956 3605 cupidus
979 3519 1065 3603 pacis
1087 3541 1164 3600 suae,
1179 3519 1236 3583 sed

279 3620 500 3686 ecclesiasticae
516 3622 712 3687 liberationis
732 3622 826 3707 longe
848 3621 1009 3707 cupidior:
1034 3619 1090 3684 sed
1105 3632 1138 3683 et
1152 3620 1236 3684 salu-

279 3734 345 3787 tem
362 3724 444 3808 regis
461 3736 494 3787 et
508 3724 653 3808 gloriam,
670 3735 702 3787 et
716 3724 890 3788 liberorum
907 3722 976 3806 ejus
991 3720 1235 3786 indemnitatem

279 3826 417 3889 maxime
441 3826 601 3910 cupiebat.
649 3825 703 3891 Ob
725 3826 782 3890 has
805 3848 881 3910 ergo
903 3846 1028 3887 caussas
1050 3845 1083 3887 se
1105 3836 1139 3888 et
1163 3846 1235 3889 suos

279 3928 440 4007 conviciis,
466 3928 677 4009 contumeliis,
700 3940 732 3992 ct
754 3928 848 3993 variis
869 3925 1028 4015 periculis,
1052 3939 1087 3990 ut
1111 3939 1235 3991 taceam

278 4028 402 4094 labores
413 4043 446 4094 et
457 4044 613 4117 sumptus,
626 4032 780 4116 exposuit,
791 4032 869 4095 dum
885 4054 942 4117 per
953 4031 1036 4096 riam
1048 4027 1236 4093 humilitatis

279 4151 392 4213 pacem
407 4133 570 4197 reformari
585 4156 675 4219 posse
691 4135 772 4199 ratio
788 4133 951 4198 suadebat.
985 4132 1050 4196 Sed
1064 4140 1234 4216 postquam

282 4230 391 4295 multis
405 4243 438 4295 et
451 4234 625 4299 manifestis
645 4236 774 4320 agnovit
792 4234 927 4311 indiciis,
942 4233 1030 4321 quod
1043 4233 1097 4295 ille
1113 4228 1234 4293 domini

279 4352 371 4414 papae
386 4331 539 4415 patientia
554 4356 681 4419 semper
694 4334 796 4417 magis
811 4356 848 4397 ac
863 4333 963 4417 magis
977 4333 1131 4412 abutitur,
1146 4339 1180 4391 et
1194 4328 1235 4394 de
