3034 5200
303 708 345 766 46
570 718 706 763 mamus
722 715 998 762 sanusnunmusm
1165 698 1209 777 [n.
1225 717 1257 761 n.

300 868 407 934 studio
419 871 594 933 litterarum
607 868 798 933 fiducialiter
807 869 1020 932 intercedam:
1044 877 1151 931 certus
1166 866 1256 950 quod

300 970 382 1032 sicut
402 970 600 1033 honestatem
616 977 767 1051 acceptas
788 969 896 1046 officii,
912 978 944 1032 et
958 967 1139 1031 meritorum
1155 966 1256 1049 patris

298 1067 368 1150 ejus
397 1068 431 1131 in
456 1077 487 1131 te
513 1088 569 1151 per
592 1066 852 1148 ingratitudinem
878 1088 946 1129 non
973 1066 1184 1142 obliviscerer,
1207 1065 1254 1128 sic

297 1166 542 1231 necessitatibus
557 1166 626 1249 ejus
640 1173 857 1250 opportunum
868 1175 901 1228 et
916 1163 1058 1228 debitum
1069 1186 1134 1227 non
1150 1161 1255 1226 tarda-

298 1267 349 1329 bis
360 1278 508 1350 praestare
521 1266 712 1330 subsidium.
738 1266 835 1339 Quod
847 1267 873 1329 si
885 1266 1058 1349 praemissis
1068 1264 1254 1340 rationibus,

298 1390 378 1454 quas
403 1369 513 1452 utiquc
536 1366 710 1451 prudenter
734 1389 864 1451 pensas,
886 1389 998 1450 preces
1023 1389 1103 1430 mcae
1129 1365 1250 1448 aliquid

299 1480 435 1553 possunt
454 1469 534 1532 ferre
557 1469 720 1540 momenti,
744 1478 832 1531 totns
859 1469 894 1530 in
922 1488 1036 1551 preces
1059 1487 1199 1546 assurgo,
1221 1475 1253 1527 et

300 1571 478 1635 efficaciam
493 1590 602 1634 earum
616 1565 773 1652 experior,
789 1568 853 1631 tuis
867 1568 965 1651 plena
979 1566 1146 1630 devotione
1164 1565 1253 1646 geni-

299 1674 361 1735 bus
371 1673 569 1755 provolutus3
591 1667 1255 1746 sidemesollicitaris,conditionemmeam

300 1772 417 1835 dirinae
426 1791 542 1832 munus
554 1769 662 1848 gratiae
673 1777 833 1849 gratanter
842 1770 1026 1849 amplector,
1036 1770 1145 1831 crebra
1154 1767 1252 1831 medi-

300 1871 420 1934 tatione
434 1869 598 1932 revolvens
618 1888 713 1950 quam
729 1879 878 1949 suspecta
898 1869 992 1929 fuerit
1006 1869 1154 1931 omnibus
1169 1877 1255 1931 recte

299 1970 498 2055 sapientibus
521 1968 710 2030 continuata
733 1967 846 2028 mundi
871 1968 1073 2050 prosperitas,
1099 1978 1131 2028 et
1157 1990 1253 2051 quam

300 2081 420 2134 certum
430 2069 470 2132 sit
479 2075 697 2148 argumentum
709 2065 903 2143 dilectionis,
914 2065 1051 2127 filiorum
1063 2066 1253 2148 delinquen·

299 2171 377 2234 tium
393 2170 505 2250 culpas
519 2188 575 2249 per
589 2167 717 2246 flagella
730 2166 867 2247 purgari.

301 2553 523 2619 EPISTOLA
552 2552 779 2619 CCVll.—an
794 2569 979 2616 nonnnrnn
997 2571 1040 2616 nn
1056 2570 1253 2617 ravnnsnan

497 2669 789 2716 nncfflmsconun.
838 2652 883 2731 [A.
896 2670 928 2713 n.
946 2651 1055 2729 1162]

386 2812 520 2877 Roberto
535 2813 575 2875 de
589 2810 800 2884 Faverslmm,
816 2808 1059 2884 Archidiaconn
1075 2809 1174 2873 Joon.

710 2910 839 2976 Sorech.

344 3072 551 3133 Innuuanus
579 3080 639 3147 est,
665 3079 699 3135 et
724 3084 876 3134 extremae
898 3069 1071 3154 impietatis
1093 3074 1252 3137 maculam

300 3169 432 3232 incurrit
446 3178 478 3232 et
490 3178 610 3245 notam,
627 3171 682 3251 qui
696 3180 830 3251 patema
848 3172 1020 3236 afflictione
1036 3194 1103 3236 non
1117 3172 1252 3250 laeditur,

299 3263 472 3347 praesertim
486 3264 544 3325 ubi
558 3273 699 3345 patemae
722 3266 928 3345 benignitatis
942 3268 974 3328 in
997 3268 1098 3330 filium
1113 3270 1206 3350 plura
1221 3276 1254 3331 et

302 3362 436 3447 grandia
443 3363 516 3425 luce
528 3362 644 3425 clarius
654 3362 780 3425 radiant
791 3375 986 3444 argumenta.
1018 3366 1153 3430 Constat
1166 3369 1252 3430 enim

301 3486 344 3528 ex
358 3465 516 3527 sententia
530 3464 665 3526 Domini
683 3471 782 3527 totam
798 3463 1020 3527 Cananeorum
1037 3476 1163 3546 gentem
1179 3489 1251 3549 per-

300 3576 398 3650 petua
420 3565 569 3629 servitute
585 3563 776 3642 damnatam,
793 3565 868 3647 quia
887 3574 977 3647 pater
992 3586 1101 3628 eornm
1117 3567 1218 3631 Cham
1235 3592 1255 3633 a

302 3689 367 3750 quo
382 3687 483 3747 genus
497 3676 530 3729 et
543 3688 662 3730 nomen
685 3675 921 3743 contraxerunt,
935 3665 1131 3731 inhumanus
1146 3670 1253 3733 extitit

300 3770 335 3830 in
349 3778 525 3849 parentem.
561 3770 647 3832 Nam
668 3789 711 3831 cx
729 3767 900 3832 commisso
920 3768 1059 3831 auctoris
1080 3769 1173 3852 impii
1188 3780 1254 3832 tota

299 3867 469 3953 posteritas
484 3868 703 3950 praejudicium
720 3870 804 3946 tulit,
818 3878 851 3931 et
866 3868 943 3931 dum
959 3869 1078 3931 odibile
1095 3870 1252 3931 servitutis

301 3969 425 4053 excipit
433 3967 560 4053 jugum,
573 3968 752 4032 devitandae
768 3970 941 4052 impietatis
956 3970 1091 4032 salutare
1103 3970 1251 4032 omnibus

242 4150 244 4155 ,
301 4079 450 4154 procurat
480 4071 670 4152 exemplum.
720 4069 804 4132 Sane
835 4080 867 4132 et
896 4091 956 4150 ego
985 4090 1037 4131 me
1062 4066 1251 4131 deteriorem

302 4174 455 4234 Cananeo
482 4170 627 4251 quolibet
653 4170 798 4247 arbitrer,
824 4170 850 4232 si
877 4169 958 4251 patri
984 4188 1050 4230 non
1076 4169 1251 4250 compatiar

299 4272 475 4333 laboranti:
511 4269 537 4331 si
564 4270 691 4350 flagella
716 4268 786 4352 ejus
807 4291 872 4331 non
897 4269 1083 4332 exulcerent
1111 4270 1249 4332 animam
