3034 5200
291 725 350 782 144
545 737 682 781 Josuurs
698 735 979 782 sauasuuurausrs
1148 719 1192 796 [A.
1210 739 1241 781 u.

289 886 461 963 Flandriae,
477 887 565 971 quod
581 901 613 951 et
628 888 734 972 ipsum
750 888 909 963 comitem,
921 901 953 950 et
968 886 1056 964 alios,
1071 887 1129 973 qui
1144 891 1240 951 inter·

287 1001 442 1052 cesserant
468 1011 508 1051 ex
539 1002 630 1073 parte
656 1012 724 1066 sua,
752 989 941 1052 liberaverat
970 988 1011 1050 ab
1036 989 1240 1072 obligatione.

287 1088 404 1154 Nuncii
427 1111 502 1152 vero
526 1091 609 1175 regis
634 1090 759 1175 Angliae
785 1114 824 1154 ex
850 1090 983 1153 adverso
1008 1089 1243 1174 responderunt

285 1215 391 1277 regem
421 1215 516 1256 suum
542 1206 744 1258 ostensurum
774 1194 807 1256 in
837 1193 924 1256 curia
955 1192 1164 1276 imperatoris,
1190 1193 1241 1255 rel

285 1318 409 1380 regum,
426 1295 642 1372 Navariensis,
657 1309 714 1360 aut
735 1293 951 1379 Aragonensis
974 1293 1104 1369 scilicet,
1121 1294 1241 1376 quibus

284 1397 365 1462 filias
381 1421 453 1462 suas
467 1397 543 1460 dare
563 1397 715 1482 disponit,
731 1395 821 1484 quod
840 1396 909 1482 ipse
928 1395 1025 1458 fidem
1048 1408 1239 1472 servaverat,

284 1514 317 1560 et
332 1520 436 1561 comes
452 1498 480 1559 F
482 1495 625 1571 landriae,
635 1510 667 1561 et
682 1495 735 1560 alii
751 1497 971 1560 intercessores
983 1496 1011 1557 F
1014 1494 1126 1559 ranciae
1143 1494 1237 1557 fidem

284 1597 442 1676 laeserant,
457 1612 489 1662 et
505 1598 627 1662 interim
644 1599 837 1683 petebantur
851 1597 1000 1676 induciae,
1015 1596 1070 1659 sed
1086 1618 1148 1658 non
1164 1608 1238 1659 sunt

285 1701 439 1764 exauditi.
492 1699 543 1763 Sic
568 1713 674 1762 autem
701 1699 741 1762 ad
770 1699 899 1783 propria
925 1698 1042 1782 singuli
1065 1698 1238 1761 redierunt.

285 1802 375 1864 Huic
394 1801 555 1883 colloquio
577 1800 792 1862 interfuerunt
815 1800 974 1875 Britones‚
994 1813 1026 1862 et
1050 1798 1185 1876 Pictavi,
1206 1814 1239 1862 et

284 1902 390 1966 nuncii
407 1901 489 1986 regis
506 1901 632 1975 Scotiae,
645 1913 677 1964 et
691 1922 802 1984 regum
815 1899 952 1978 WalIiae,
962 1900 1028 1982 regi
1040 1901 1237 1965 Francorum

284 2003 439 2068 auxilium
455 2002 689 2088 promittentes,
705 2015 737 2065 et
753 2001 879 2065 obsides
893 2001 1071 2077 offerentes,
1088 2015 1120 2065 et
1135 2026 1237 2066 reces-

284 2117 394 2170 serunt
409 2103 554 2187 obligati,
570 2100 717 2165 similiter
732 2116 764 2166 et
778 2125 923 2184 proceres
939 2103 1137 2167 Guasconiae.

318 2207 439 2271 Soluto
454 2227 562 2289 regum
585 2202 756 2289 colloquio,
772 2227 811 2267 ne
826 2204 922 2268 latere
942 2217 1058 2288 posset,
1074 2206 1237 2290 quomodo

282 2333 341 2374 rex
373 2308 499 2393 Angtiae
528 2306 568 2370 de
594 2305 724 2369 domino
752 2331 847 2394 papa,
874 2321 907 2372 et
936 2306 1065 2370 ecclesia
1091 2312 1238 2374 Romana

282 2413 545 2498 triumphaverat,
574 2425 606 2476 et
636 2429 672 2476 ut
703 2412 851 2476 dominus
877 2411 1115 2478 cantuariensis
1145 2413 1235 2479 lieret

281 2513 488 2602 opprobrium
504 2510 680 2590 hominum,
692 2526 724 2577 et
739 2513 876 2601 abjectio
884 2512 997 2598 plebis,
1008 2526 1040 2576 et
1052 2513 1101 2576 sui
1117 2537 1236 2594 omnes,

234 2635 237 2640 ’
281 2616 388 2681 literas
413 2615 532 2680 domini
563 2639 665 2703 papae,
693 2617 813 2703 quibus
839 2616 928 2680 dedit
957 2616 986 2678 ei
1011 2616 1233 2702 impunitatem

281 2719 443 2805 peccandi,
458 2719 624 2783 transcribi
639 2718 726 2793 fecit,
742 2716 830 2780 etad
847 2715 1015 2800 utriusque
1031 2718 1121 2801 regni
1137 2718 1234 2781 eccle-

282 2822 353 2900 sias,
377 2833 409 2884 et
434 2842 584 2905 personas
609 2817 771 2882 destinari.
817 2815 982 2880 Gloriatus
1005 2830 1053 2881 est
1079 2831 1173 2883 ettam
1202 2844 1234 2883 se

282 2921 360 2985 tales
375 2921 492 2984 amicos
507 2920 623 2983 habere
637 2919 670 2983 in
686 2918 783 2996 curia,
793 2917 850 3003 qui
865 2940 973 2981 omnes
988 2932 1120 2983 conatus
1135 2922 1237 2986 archi·

206 3018 208 3021 ’
284 3021 423 3105 episcopi
441 3022 678 3087 Cantuariensis
692 3020 904 3097 evacuabunt,
920 3032 952 3084 et
973 3024 1018 3085 ita
1039 3022 1141 3086 seduli
1163 3038 1236 3087 sunt

281 3121 312 3182 in
328 3122 551 3205 promovendis
567 3123 700 3207 negotiis
715 3124 793 3209 ejus,
812 3135 847 3187 ut
864 3146 920 3186 nec
937 3146 1031 3187 unam
1048 3127 1233 3211 petitionem

280 3223 443 3306 porrigere
475 3222 585 3306 possit,
616 3223 665 3286 vel
695 3224 817 3309 aliquid
847 3224 1027 3311 impetrare,
1058 3228 1147 3313 quod
1177 3251 1233 3314 per

280 3320 396 3386 amicos
419 3343 480 3383 non
507 3322 655 3385 mittatur
676 3323 717 3386 ad
740 3323 854 3408 ipsum.
900 3328 1023 3392 Scimus
1049 3341 1080 3392 et
1106 3329 1234 3392 nomina

279 3445 399 3498 eorum,
411 3442 546 3507 quorum
563 3421 694 3486 consilio
709 3423 823 3499 utitur,
837 3439 869 3488 et
884 3427 964 3512 quid
980 3451 1083 3515 nuper
1098 3441 1231 3512 egerunt

279 3526 311 3589 in
327 3523 425 3605 curia,
441 3537 476 3589 ut
491 3545 602 3587 caussa
618 3523 690 3601 Dei,
707 3536 738 3588 et
753 3546 910 3611 pauperes
926 3530 1046 3595 Christi
1060 3528 1112 3593 vili
1128 3528 1231 3613 pretio

279 3627 502 3694 venderentur.
549 3626 663 3712 Neque
689 3629 771 3691 enim
799 3627 863 3693 fuit
889 3630 1064 3696 multitudo
1090 3629 1121 3691 in
1147 3651 1231 3691 com-

280 3728 511 3793 mutationibus
533 3750 653 3793 eorum.
699 3732 873 3815 Nunquam
894 3731 1028 3795 fuissent
1045 3728 1109 3792 illae
1131 3727 1232 3791 unciae

279 3830 359 3906 auri,
376 3831 496 3914 quibus
517 3830 647 3915 impulsi
670 3843 744 3895 sunt
767 3846 803 3895 ut
823 3831 983 3908 caderent,
998 3852 1079 3915 quos
1093 3828 1231 3893 ecclesiae

278 3933 439 3998 columnas
453 3944 639 4017 oportuerat
655 3956 731 3998 esse.
764 3933 921 4018 Adeoque
936 3932 976 3995 de
991 3930 1156 4016 triumpho
1172 3954 1230 3994 sno

277 4038 379 4101 elatus
399 4045 446 4097 est
460 4056 528 4110 rex,
547 4045 582 4097 ut
603 4035 635 4097 in
655 4035 750 4100 domo
771 4057 829 4098 sua
849 4048 944 4097 tacerr
964 4053 1025 4094 non
1047 4037 1159 4118 possit,
1173 4046 1229 4120 qui

277 4137 448 4204 cardinales
469 4137 509 4200 de
528 4135 584 4199 illo
604 4138 754 4221 pestifero
770 4150 801 4199 et
818 4134 927 4198 infami
947 4155 1025 4197 auro
1048 4133 1127 4198 nihil
1143 4160 1231 4200 acce·

277 4240 393 4326 parim,
416 4239 511 4324 quive
534 4238 773 4323 procuraverint
795 4234 957 4321 quomodo
980 4235 1219 4321 dispensaretur

276 4343 344 4407 aliis
370 4339 454 4424 plus,
480 4339 549 4403 aliis
578 4361 694 4417 minus,
722 4337 895 4403 secundum
925 4336 1013 4422 quod
1044 4340 1144 4425 magis
1174 4353 1231 4403 aut
