3034 5200
321 740 380 797 162
577 752 714 796 colurus
730 750 1008 796 sannsnamnnsrs
1177 736 1221 816 [a.
1239 755 1271 798 n.

322 923 422 965 cerem
445 900 553 987 aliqua
576 901 710 965 dicenda
731 924 790 986 pro
811 914 868 965 tua
889 901 1018 986 quidem
1036 901 1194 967 utilitate:
1219 903 1274 967 sed

320 1025 428 1066 vereor
452 1026 491 1066 ne
515 1003 575 1067 sub
603 1015 765 1089 praetextu
791 1004 955 1089 profectus
979 1004 1085 1084 alieni,
1108 1005 1272 1091 proprium

319 1104 444 1168 viderer
458 1117 584 1190 captare
607 1108 742 1170 lucrum.
789 1105 879 1168 Nihil
901 1106 983 1169 enim
998 1119 1045 1171 est
1061 1119 1179 1190 praeter
1192 1107 1273 1170 cari-

318 1217 430 1283 tatem,
446 1206 530 1292 quod
555 1207 595 1269 ab
618 1206 726 1269 amicis
748 1228 890 1269 censeam
914 1207 1118 1293 exigendum,
1133 1208 1190 1292 qui
1213 1230 1271 1293 per

318 1308 453 1391 gratiam
474 1307 537 1371 Dei
552 1320 584 1371 et
600 1321 743 1372 veterum
769 1307 953 1388 amicorum,
969 1309 1045 1373 satis
1067 1308 1213 1372 abundo:
1238 1321 1270 1374 et

317 1409 495 1493 apostolum
508 1409 604 1472 audio
613 1408 808 1483 suadentem,
819 1409 937 1472 nemini
947 1409 1118 1495 quicquam
1127 1407 1270 1475 debeatis

317 1508 377 1572 nisi
393 1522 429 1575 ut
445 1511 579 1577 invicem
594 1511 743 1595 diligatis.
779 1512 939 1574 Dominus
953 1511 1192 1575 cantuariensis
1206 1533 1269 1575 non

319 1611 379 1676 sibi
395 1610 529 1688 laborat,
546 1613 600 1677 sed
623 1613 702 1688 aliis,
718 1613 796 1696 quia
817 1612 979 1698 profectus
1000 1614 1069 1698 ejus
1085 1613 1148 1678 Dei
1166 1614 1271 1698 gloria

317 1714 388 1792 erit,
400 1714 584 1799 triumphus
597 1714 746 1790 ecclesiae,
758 1713 834 1776 cleri
849 1714 950 1778 totius
963 1713 1118 1780 liberatio.
1146 1714 1269 1779 Militat

318 1813 446 1899 quidem
468 1815 605 1899 publicae
628 1814 772 1890 utilitati,
788 1814 843 1877 sed
865 1815 971 1879 adhuc
993 1815 1160 1899 stipendiis
1183 1815 1266 1880 suis:

317 1915 414 1979 immo
429 1916 515 2004 quod
531 1930 708 1981 nostratum
724 1914 899 2000 ignominia
912 1929 971 1995 est,
986 1919 1091 2004 gentis
1105 1917 1225 1983 alienae.

403 2228 623 2291 EPISTOLA
652 2228 891 2292 ccclx-n>
907 2247 1117 2293 aanocrnou
1134 2249 1177 2293 on

565 2348 739 2392 urrunnu.
789 2330 835 2409 [A.
850 2350 881 2393 n.
901 2328 1007 2410 1168]

523 2488 610 2553 Idem
628 2491 803 2573 Rodulplro
817 2492 857 2553 de
878 2491 1051 2572 Wiupram.

357 2627 471 2689 Dunlr
487 2624 556 2701 tibi,
574 2625 777 2691 dilectissime
792 2626 901 2705 frater,
917 2626 966 2703 (ut
984 2625 1090 2707 audio)
1107 2628 1266 2691 Dominus

313 2728 489 2793 sacerdotio
504 2728 608 2813 fungi,
625 2728 681 2792 sed
697 2728 818 2791 utinam
839 2727 1048 2813 promerearis
1066 2727 1183 2791 habere
1197 2730 1266 2792 lau-

311 2826 427 2891 demin
444 2830 569 2892 nomine
581 2829 662 2915 ejus.
696 2832 741 2893 Et
755 2827 884 2913 quidem
900 2850 971 2912 spes
986 2839 1044 2903 est,
1056 2827 1144 2911 quod
1159 2830 1265 2913 gratia

311 2951 385 3015 quae
397 2930 476 2994 tanti
489 2930 563 2994 boni
575 2931 700 2996 initium
713 2928 858 3004 contulit,
871 2928 1011 2992 conferet
1020 2927 1262 3008 incrementum,

310 3052 368 3093 nec
393 3044 490 3095 tantae
519 3032 747 3117 expectationis
777 3030 919 3117 plantam
945 3029 1094 3097 Christus
1123 3033 1263 3117 patietur

310 3152 458 3205 arescere,
474 3133 530 3217 qui
547 3131 674 3196 hortum
689 3131 896 3219 protectionis
915 3154 981 3197 suae
996 3131 1170 3196 munimine
1189 3155 1263 3196 con·

309 3230 432 3293 clusum
449 3232 591 3296 excolere
607 3234 720 3298 solitus
734 3246 783 3299 est
797 3247 830 3299 et
845 3234 959 3321 rigare.
990 3236 1072 3299 Erus
1086 3235 1262 3301 industrius

308 3332 392 3396 iuter
412 3347 630 3395 conterraneos
652 3346 684 3397 et
707 3347 883 3401 coaetaneos
907 3349 979 3400 tuos
998 3350 1072 3401 aute
1091 3338 1264 3421 promotio-

309 3456 392 3509 nem,
408 3446 439 3497 et
455 3434 711 3519 praesumendum
728 3449 776 3501 est
794 3437 835 3500 de
849 3437 1063 3500 misericordia
1085 3437 1157 3508 Dei,
1174 3438 1261 3522 quod

304 3535 402 3621 juxta
416 3535 593 3622 apostolum
611 3538 720 3602 unctio
735 3539 805 3624 ejus
820 3537 908 3602 tede
929 3538 1077 3601 omnibus
1092 3537 1260 3621 expedien-

308 3640 396 3703 tibus
410 3638 563 3703 edocebit.
609 3640 724 3705 Omnia
739 3653 857 3718 autem,
871 3663 945 3725 quae
964 3640 1116 3724 magistra
1130 3643 1261 3703 caritate

308 3738 401 3814 fiunt,
411 3740 600 3824 expediunt:
618 3739 909 3825 quiadiligeutibus
918 3738 1021 3802 Deum
1032 3736 1259 3823 omniacoope·

307 3853 419 3903 rantur
433 3844 464 3904 in
480 3841 610 3917 bonum,
626 3858 657 3904 et
670 3840 832 3905 'oblectant
848 3842 996 3903 animum.
1026 3839 1183 3911 Quoniam
1196 3838 1257 3903 hoc

305 3942 421 4027 cuique
437 3942 480 4005 sic
499 3941 622 4006 arbitrii
638 3940 724 4003 laxat
748 3940 897 4017 habenas,
911 3951 948 4003 ut
971 3960 1064 4022 agere
1086 3938 1178 4003 liceat
1201 3940 1258 4005 im-

305 4067 391 4128 pune
413 4044 499 4129 quod
523 4042 629 4105 libeat.
675 4041 756 4104 Haec
780 4050 816 4102 ut
839 4038 916 4101 mihi
939 4038 1067 4103 dicendi
1089 4054 1259 4123 causaest,

303 4144 358 4224 sic,
373 4145 431 4209 tibi
448 4164 557 4229 precor
573 4143 599 4207 si
615 4154 720 4205 tamen
736 4139 887 4226 expedire
909 4141 1093 4219 credideris,
1108 4146 1191 4206 ratio
1214 4144 1256 4209 sit

302 4246 439 4309 consiliis
453 4242 687 4330 adquiescendi.
733 4246 893 4307 Dominus
915 4254 992 4307 tuus
1012 4257 1045 4308 et
1066 4256 1158 4331 pater
1181 4258 1256 4311 tuus

301 4346 376 4408 exul
392 4358 424 4408 et
446 4348 642 4433 proscriptus
661 4368 720 4433 pro
735 4346 881 4412 libertate
905 4346 1044 4411 ecclesiae
1065 4368 1138 4409 cum
1160 4350 1256 4411 Petro
