<?xml version="1.0" encoding="UTF-8"?>
<!DOCTYPE html PUBLIC "-//W3C//DTD XHTML 1.0 Transitional//EN"
    "http://www.w3.org/TR/xhtml1/DTD/xhtml1-transitional.dtd">
<html xmlns="http://www.w3.org/1999/xhtml" xml:lang="en" lang="en">
 <head>
  <title>
</title>
<meta http-equiv="Content-Type" content="text/html;charset=utf-8" />
  <meta name='ocr-system' content='tesseract 3.04.00' />
  <meta name='ocr-capabilities' content='ocr_page ocr_carea ocr_par ocr_line ocrx_word'/>
</head>
<body>
  <div class='ocr_page' id='page_1' title='image "./joannissaresber11johngoog_0132.png"; bbox 0 0 3034 5200; ppageno 0'>
   <div class='ocr_carea' id='block_1_1' title="bbox 281 759 1228 838">
    <p class='ocr_par' dir='ltr' id='par_1_1' title="bbox 281 759 1228 838">
     <span class='ocr_line' id='line_1_1' title="bbox 281 759 1228 838; baseline -0.002 -14"><span class='ocrx_word' id='word_1_1' title='bbox 281 759 388 838; x_wconf 74' lang='lat' dir='ltr'><strong>ltus]</strong></span> <span class='ocrx_word' id='word_1_2' title='bbox 663 775 842 820; x_wconf 78' lang='lat' dir='ltr'><strong>nrrsrona.</strong></span> <span class='ocrx_word' id='word_1_3' title='bbox 1170 764 1228 822; x_wconf 73' lang='lat'><strong>115</strong></span> 
     </span>
    </p>
   </div>
   <div class='ocr_carea' id='block_1_2' title="bbox 273 927 1324 3261">
    <p class='ocr_par' dir='ltr' id='par_1_2' title="bbox 273 927 1324 3261">
     <span class='ocr_line' id='line_1_2' title="bbox 275 927 1222 1012; baseline -0.005 -17"><span class='ocrx_word' id='word_1_4' title='bbox 275 941 310 995; x_wconf 93' lang='lat' dir='ltr'><strong>ut</strong></span> <span class='ocrx_word' id='word_1_5' title='bbox 323 939 474 994; x_wconf 90' lang='lat' dir='ltr'><strong>terrerent</strong></span> <span class='ocrx_word' id='word_1_6' title='bbox 497 929 660 992; x_wconf 91' lang='lat' dir='ltr'><strong>domiuum</strong></span> <span class='ocrx_word' id='word_1_7' title='bbox 683 950 810 1012; x_wconf 89' lang='lat' dir='ltr'><strong>papam,</strong></span> <span class='ocrx_word' id='word_1_8' title='bbox 825 939 857 991; x_wconf 92' lang='lat' dir='ltr'><strong>et</strong></span> <span class='ocrx_word' id='word_1_9' title='bbox 875 929 1068 991; x_wconf 83' lang='lat' dir='ltr'><strong>inclinarent</strong></span> <span class='ocrx_word' id='word_1_10' title='bbox 1090 927 1129 991; x_wconf 90' lang='lat' dir='ltr'><strong>ad</strong></span> <span class='ocrx_word' id='word_1_11' title='bbox 1151 929 1222 992; x_wconf 90' lang='lat' dir='ltr'><strong>libi-</strong></span> 
     </span>
     <span class='ocr_line' id='line_1_3' title="bbox 273 1029 1211 1095; baseline -0.003 0"><span class='ocrx_word' id='word_1_12' title='bbox 273 1042 338 1095; x_wconf 90' lang='lat' dir='ltr'><strong>tum</strong></span> <span class='ocrx_word' id='word_1_13' title='bbox 355 1029 465 1094; x_wconf 87' lang='lat' dir='ltr'><strong>suum?</strong></span> <span class='ocrx_word' id='word_1_14' title='bbox 498 1031 581 1094; x_wconf 86' lang='lat' dir='ltr'><strong>Haec</strong></span> <span class='ocrx_word' id='word_1_15' title='bbox 596 1031 630 1092; x_wconf 92' lang='lat' dir='ltr'><strong>in</strong></span> <span class='ocrx_word' id='word_1_16' title='bbox 645 1031 792 1095; x_wconf 69' lang='lat' dir='ltr'><strong>ecclesias</strong></span> <span class='ocrx_word' id='word_1_17' title='bbox 807 1031 963 1093; x_wconf 82' lang='lat' dir='ltr'><strong>Romanae</strong></span> <span class='ocrx_word' id='word_1_18' title='bbox 977 1030 1155 1093; x_wconf 78' lang='lat' dir='ltr'><strong>scribentur</strong></span> <span class='ocrx_word' id='word_1_19' title='bbox 1169 1048 1211 1092; x_wconf 86' lang='lat' dir='ltr'><strong>an</strong></span> 
     </span>
     <span class='ocr_line' id='line_1_4' title="bbox 273 1132 1224 1216; baseline -0.003 -19"><span class='ocrx_word' id='word_1_20' title='bbox 273 1135 409 1198; x_wconf 89' lang='lat' dir='ltr'><strong>nalibns.</strong></span> <span class='ocrx_word' id='word_1_21' title='bbox 454 1134 501 1197; x_wconf 88' lang='lat' dir='ltr'><strong>Et</strong></span> <span class='ocrx_word' id='word_1_22' title='bbox 516 1143 610 1212; x_wconf 89' lang='lat' dir='ltr'><strong>certe,</strong></span> <span class='ocrx_word' id='word_1_23' title='bbox 629 1134 699 1196; x_wconf 89' lang='lat' dir='ltr'><strong>Deo</strong></span> <span class='ocrx_word' id='word_1_24' title='bbox 714 1133 918 1216; x_wconf 86' lang='lat' dir='ltr'><strong>propitiante,</strong></span> <span class='ocrx_word' id='word_1_25' title='bbox 934 1133 989 1216; x_wconf 91' lang='lat' dir='ltr'><strong>qni</strong></span> <span class='ocrx_word' id='word_1_26' title='bbox 1003 1132 1145 1195; x_wconf 81' lang='lat' dir='ltr'><strong>scribant</strong></span> <span class='ocrx_word' id='word_1_27' title='bbox 1159 1153 1224 1194; x_wconf 91' lang='lat' dir='ltr'><strong>non</strong></span> 
     </span>
     <span class='ocr_line' id='line_1_5' title="bbox 274 1233 1226 1319; baseline -0.004 -20"><span class='ocrx_word' id='word_1_28' title='bbox 274 1236 416 1313; x_wconf 85' lang='lat' dir='ltr'><strong>deerunt,</strong></span> <span class='ocrx_word' id='word_1_29' title='bbox 432 1234 520 1319; x_wconf 92' lang='lat' dir='ltr'><strong>quod</strong></span> <span class='ocrx_word' id='word_1_30' title='bbox 535 1235 577 1298; x_wconf 94' lang='lat' dir='ltr'><strong>ad</strong></span> <span class='ocrx_word' id='word_1_31' title='bbox 596 1235 784 1317; x_wconf 88' lang='lat' dir='ltr'><strong>petitionem</strong></span> <span class='ocrx_word' id='word_1_32' title='bbox 799 1247 832 1299; x_wconf 89' lang='lat' dir='ltr'><strong>et</strong></span> <span class='ocrx_word' id='word_1_33' title='bbox 846 1234 1125 1298; x_wconf 82' lang='lat' dir='ltr'><strong>comminationem</strong></span> <span class='ocrx_word' id='word_1_34' title='bbox 1141 1233 1226 1316; x_wconf 85' lang='lat' dir='ltr'><strong>regis</strong></span> 
     </span>
     <span class='ocr_line' id='line_1_6' title="bbox 275 1330 1226 1422; baseline -0.004 -21"><span class='ocrx_word' id='word_1_35' title='bbox 275 1337 412 1419; x_wconf 86' lang='lat' dir='ltr'><strong>Angliae,</strong></span> <span class='ocrx_word' id='word_1_36' title='bbox 435 1337 526 1422; x_wconf 89' lang='lat' dir='ltr'><strong>cujus</strong></span> <span class='ocrx_word' id='word_1_37' title='bbox 549 1338 766 1400; x_wconf 85' lang='lat' dir='ltr'><strong>intolerabiles</strong></span> <span class='ocrx_word' id='word_1_38' title='bbox 791 1358 945 1400; x_wconf 87' lang='lat' dir='ltr'><strong>excessus</strong></span> <span class='ocrx_word' id='word_1_39' title='bbox 968 1330 1057 1400; x_wconf 85' lang='lat' dir='ltr'><strong>tanto</strong></span> <span class='ocrx_word' id='word_1_40' title='bbox 1082 1345 1226 1418; x_wconf 88' lang='lat' dir='ltr'><strong>tempore</strong></span> 
     </span>
     <span class='ocr_line' id='line_1_7' title="bbox 276 1439 1225 1522; baseline -0.006 -19"><span class='ocrx_word' id='word_1_41' title='bbox 276 1439 478 1518; x_wconf 84' lang='lat' dir='ltr'><strong>sustinuerat,</strong></span> <span class='ocrx_word' id='word_1_42' title='bbox 494 1460 672 1522; x_wconf 86' lang='lat' dir='ltr'><strong>praeeonem</strong></span> <span class='ocrx_word' id='word_1_43' title='bbox 688 1439 839 1517; x_wconf 87' lang='lat' dir='ltr'><strong>veritatis,</strong></span> <span class='ocrx_word' id='word_1_44' title='bbox 853 1439 1007 1502; x_wconf 87' lang='lat' dir='ltr'><strong>libertatis</strong></span> <span class='ocrx_word' id='word_1_45' title='bbox 1027 1446 1225 1510; x_wconf 87' lang='lat' dir='ltr'><strong>assertorem,</strong></span> 
     </span>
     <span class='ocr_line' id='line_1_8' title="bbox 276 1538 1224 1625; baseline -0.004 -22"><span class='ocrx_word' id='word_1_46' title='bbox 276 1541 517 1624; x_wconf 86' lang='lat' dir='ltr'><strong>praedicatorem</strong></span> <span class='ocrx_word' id='word_1_47' title='bbox 534 1542 667 1625; x_wconf 77' lang='lat' dir='ltr'><strong>justitiae</strong></span> <span class='ocrx_word' id='word_1_48' title='bbox 692 1563 751 1625; x_wconf 91' lang='lat' dir='ltr'><strong>pro</strong></span> <span class='ocrx_word' id='word_1_49' title='bbox 776 1563 889 1606; x_wconf 77' lang='lat' dir='ltr'><strong>caussa</strong></span> <span class='ocrx_word' id='word_1_50' title='bbox 915 1540 1058 1617; x_wconf 85' lang='lat' dir='ltr'><strong>Domini,</strong></span> <span class='ocrx_word' id='word_1_51' title='bbox 1081 1559 1155 1603; x_wconf 87' lang='lat' dir='ltr'><strong>cum</strong></span> <span class='ocrx_word' id='word_1_52' title='bbox 1176 1538 1224 1600; x_wconf 91' lang='lat' dir='ltr'><strong>in·</strong></span> 
     </span>
     <span class='ocr_line' id='line_1_9' title="bbox 277 1640 1226 1729; baseline -0.005 -24"><span class='ocrx_word' id='word_1_53' title='bbox 277 1642 370 1705; x_wconf 85' lang='lat' dir='ltr'><strong>finita</strong></span> <span class='ocrx_word' id='word_1_54' title='bbox 385 1642 587 1706; x_wconf 92' lang='lat' dir='ltr'><strong>multitudine</strong></span> <span class='ocrx_word' id='word_1_55' title='bbox 607 1644 813 1708; x_wconf 89' lang='lat' dir='ltr'><strong>innocentum</strong></span> <span class='ocrx_word' id='word_1_56' title='bbox 831 1645 899 1729; x_wconf 89' lang='lat' dir='ltr'><strong>jam</strong></span> <span class='ocrx_word' id='word_1_57' title='bbox 922 1640 1132 1727; x_wconf 83' lang='lat' dir='ltr'><strong>quadriennio</strong></span> <span class='ocrx_word' id='word_1_58' title='bbox 1146 1658 1226 1702; x_wconf 87' lang='lat' dir='ltr'><strong>exu-</strong></span> 
     </span>
     <span class='ocr_line' id='line_1_10' title="bbox 276 1741 1228 1831; baseline -0.004 -24"><span class='ocrx_word' id='word_1_59' title='bbox 276 1747 406 1820; x_wconf 88' lang='lat' dir='ltr'><strong>lantem,</strong></span> <span class='ocrx_word' id='word_1_60' title='bbox 422 1746 567 1826; x_wconf 85' lang='lat' dir='ltr'><strong>neglecto</strong></span> <span class='ocrx_word' id='word_1_61' title='bbox 582 1745 714 1811; x_wconf 87' lang='lat' dir='ltr'><strong>rationis</strong></span> <span class='ocrx_word' id='word_1_62' title='bbox 734 1757 767 1811; x_wconf 90' lang='lat' dir='ltr'><strong>et</strong></span> <span class='ocrx_word' id='word_1_63' title='bbox 779 1748 862 1831; x_wconf 86' lang='lat' dir='ltr'><strong>juris</strong></span> <span class='ocrx_word' id='word_1_64' title='bbox 882 1746 1003 1820; x_wconf 87' lang='lat' dir='ltr'><strong>ordine,</strong></span> <span class='ocrx_word' id='word_1_65' title='bbox 1019 1745 1108 1807; x_wconf 85' lang='lat' dir='ltr'><strong>velut</strong></span> <span class='ocrx_word' id='word_1_66' title='bbox 1122 1741 1228 1806; x_wconf 90' lang='lat' dir='ltr'><strong>crimi-</strong></span> 
     </span>
     <span class='ocr_line' id='line_1_11' title="bbox 277 1841 1228 1933; baseline -0.003 -25"><span class='ocrx_word' id='word_1_67' title='bbox 277 1868 390 1910; x_wconf 92' lang='lat' dir='ltr'><strong>nosum</strong></span> <span class='ocrx_word' id='word_1_68' title='bbox 417 1847 514 1910; x_wconf 91' lang='lat' dir='ltr'><strong>officii</strong></span> <span class='ocrx_word' id='word_1_69' title='bbox 542 1847 591 1910; x_wconf 90' lang='lat' dir='ltr'><strong>sni</strong></span> <span class='ocrx_word' id='word_1_70' title='bbox 615 1858 771 1931; x_wconf 84' lang='lat' dir='ltr'><strong>potestate</strong></span> <span class='ocrx_word' id='word_1_71' title='bbox 800 1850 942 1933; x_wconf 77' lang='lat' dir='ltr'><strong>privarit</strong></span> <span class='ocrx_word' id='word_1_72' title='bbox 995 1848 1071 1910; x_wconf 92' lang='lat' dir='ltr'><strong>Non</strong></span> <span class='ocrx_word' id='word_1_73' title='bbox 1098 1841 1228 1929; x_wconf 90' lang='lat' dir='ltr'><strong>quidem</strong></span> 
     </span>
     <span class='ocr_line' id='line_1_12' title="bbox 279 1947 1230 2034; baseline -0.002 -24"><span class='ocrx_word' id='word_1_74' title='bbox 279 1949 353 2031; x_wconf 89' lang='lat' dir='ltr'><strong>quia</strong></span> <span class='ocrx_word' id='word_1_75' title='bbox 375 1949 421 2010; x_wconf 90' lang='lat' dir='ltr'><strong>illi</strong></span> <span class='ocrx_word' id='word_1_76' title='bbox 445 1961 636 2027; x_wconf 89' lang='lat' dir='ltr'><strong>mernerunt,</strong></span> <span class='ocrx_word' id='word_1_77' title='bbox 659 1949 718 2013; x_wconf 91' lang='lat' dir='ltr'><strong>sed</strong></span> <span class='ocrx_word' id='word_1_78' title='bbox 739 1950 814 2033; x_wconf 89' lang='lat' dir='ltr'><strong>quia</strong></span> <span class='ocrx_word' id='word_1_79' title='bbox 836 1949 957 2034; x_wconf 87' lang='lat' dir='ltr'><strong>placuit</strong></span> <span class='ocrx_word' id='word_1_80' title='bbox 977 1948 1140 2032; x_wconf 86' lang='lat' dir='ltr'><strong>Tyranno.</strong></span> <span class='ocrx_word' id='word_1_81' title='bbox 1184 1947 1230 2009; x_wconf 86' lang='lat' dir='ltr'><strong>Et</strong></span> 
     </span>
     <span class='ocr_line' id='line_1_13' title="bbox 279 2051 1226 2136; baseline -0.004 -23"><span class='ocrx_word' id='word_1_82' title='bbox 279 2060 383 2113; x_wconf 88' lang='lat' dir='ltr'><strong>tamen</strong></span> <span class='ocrx_word' id='word_1_83' title='bbox 407 2051 594 2134; x_wconf 85' lang='lat' dir='ltr'><strong>patentibus</strong></span> <span class='ocrx_word' id='word_1_84' title='bbox 618 2053 730 2129; x_wconf 86' lang='lat' dir='ltr'><strong>literis,</strong></span> <span class='ocrx_word' id='word_1_85' title='bbox 752 2074 824 2136; x_wconf 86' lang='lat' dir='ltr'><strong>qnae</strong></span> <span class='ocrx_word' id='word_1_86' title='bbox 849 2052 937 2135; x_wconf 89' lang='lat' dir='ltr'><strong>apud</strong></span> <span class='ocrx_word' id='word_1_87' title='bbox 957 2072 1016 2113; x_wconf 90' lang='lat' dir='ltr'><strong>nos</strong></span> <span class='ocrx_word' id='word_1_88' title='bbox 1041 2060 1124 2123; x_wconf 88' lang='lat' dir='ltr'><strong>sunt,</strong></span> <span class='ocrx_word' id='word_1_89' title='bbox 1149 2068 1226 2112; x_wconf 91' lang='lat' dir='ltr'><strong>con·</strong></span> 
     </span>
     <span class='ocr_line' id='line_1_14' title="bbox 279 2153 1226 2239; baseline -0.002 -24"><span class='ocrx_word' id='word_1_90' title='bbox 279 2166 427 2231; x_wconf 87' lang='lat' dir='ltr'><strong>cesserat,</strong></span> <span class='ocrx_word' id='word_1_91' title='bbox 449 2164 484 2217; x_wconf 93' lang='lat' dir='ltr'><strong>ut</strong></span> <span class='ocrx_word' id='word_1_92' title='bbox 505 2154 603 2217; x_wconf 91' lang='lat' dir='ltr'><strong>officii</strong></span> <span class='ocrx_word' id='word_1_93' title='bbox 625 2154 673 2216; x_wconf 89' lang='lat' dir='ltr'><strong>sni</strong></span> <span class='ocrx_word' id='word_1_94' title='bbox 694 2164 850 2238; x_wconf 87' lang='lat' dir='ltr'><strong>potestate</strong></span> <span class='ocrx_word' id='word_1_95' title='bbox 872 2154 970 2239; x_wconf 91' lang='lat' dir='ltr'><strong>pleno</strong></span> <span class='ocrx_word' id='word_1_96' title='bbox 986 2153 1060 2238; x_wconf 89' lang='lat' dir='ltr'><strong>jure</strong></span> <span class='ocrx_word' id='word_1_97' title='bbox 1080 2163 1226 2215; x_wconf 87' lang='lat' dir='ltr'><strong>uteretur.</strong></span> 
     </span>
     <span class='ocr_line' id='line_1_15' title="bbox 279 2254 1229 2339; baseline -0.001 -23"><span class='ocrx_word' id='word_1_98' title='bbox 279 2254 317 2316; x_wconf 91' lang='lat' dir='ltr'><strong>In</strong></span> <span class='ocrx_word' id='word_1_99' title='bbox 333 2255 450 2338; x_wconf 90' lang='lat' dir='ltr'><strong>quibus</strong></span> <span class='ocrx_word' id='word_1_100' title='bbox 471 2255 533 2317; x_wconf 90' lang='lat' dir='ltr'><strong>boc</strong></span> <span class='ocrx_word' id='word_1_101' title='bbox 555 2256 724 2339; x_wconf 84' lang='lat' dir='ltr'><strong>expressit,</strong></span> <span class='ocrx_word' id='word_1_102' title='bbox 741 2254 827 2339; x_wconf 91' lang='lat' dir='ltr'><strong>quod</strong></span> <span class='ocrx_word' id='word_1_103' title='bbox 847 2254 962 2336; x_wconf 84' lang='lat' dir='ltr'><strong>Ipsum</strong></span> <span class='ocrx_word' id='word_1_104' title='bbox 982 2274 1088 2336; x_wconf 63' lang='lat' dir='ltr'><strong>renem</strong></span> <span class='ocrx_word' id='word_1_105' title='bbox 1102 2270 1229 2316; x_wconf 70' lang='lat' dir='ltr'><strong>excom·</strong></span> 
     </span>
     <span class='ocr_line' id='line_1_16' title="bbox 280 2355 1230 2436; baseline 0 -20"><span class='ocrx_word' id='word_1_106' title='bbox 280 2356 485 2434; x_wconf 82' lang='lat' dir='ltr'><strong>municandi,</strong></span> <span class='ocrx_word' id='word_1_107' title='bbox 506 2377 565 2418; x_wconf 81' lang='lat' dir='ltr'><strong>nec</strong></span> <span class='ocrx_word' id='word_1_108' title='bbox 590 2358 797 2420; x_wconf 81' lang='lat' dir='ltr'><strong>rnandetnm&#39;</strong></span> <span class='ocrx_word' id='word_1_109' title='bbox 813 2357 925 2435; x_wconf 83' lang='lat' dir='ltr'><strong>dabat,</strong></span> <span class='ocrx_word' id='word_1_110' title='bbox 950 2377 1009 2419; x_wconf 83' lang='lat' dir='ltr'><strong>nee</strong></span> <span class='ocrx_word' id='word_1_111' title='bbox 1030 2355 1230 2436; x_wconf 74' lang='lat' dir='ltr'><strong>prohibebat.</strong></span> 
     </span>
     <span class='ocr_line' id='line_1_17' title="bbox 281 2455 1231 2540; baseline 0.002 -24"><span class='ocrx_word' id='word_1_112' title='bbox 281 2455 374 2518; x_wconf 90' lang='lat' dir='ltr'><strong>Deus</strong></span> <span class='ocrx_word' id='word_1_113' title='bbox 397 2455 495 2532; x_wconf 88' lang='lat' dir='ltr'><strong>bone,</strong></span> <span class='ocrx_word' id='word_1_114' title='bbox 518 2457 597 2540; x_wconf 87' lang='lat' dir='ltr'><strong>qnid</strong></span> <span class='ocrx_word' id='word_1_115' title='bbox 623 2458 774 2522; x_wconf 85' lang='lat' dir='ltr'><strong>novitatis</strong></span> <span class='ocrx_word' id='word_1_116' title='bbox 801 2457 940 2522; x_wconf 86' lang='lat' dir='ltr'><strong>accidit?</strong></span> <span class='ocrx_word' id='word_1_117' title='bbox 980 2459 1071 2522; x_wconf 87' lang='lat' dir='ltr'><strong>Dicit</strong></span> <span class='ocrx_word' id='word_1_118' title='bbox 1094 2457 1231 2540; x_wconf 83' lang='lat' dir='ltr'><strong>Spiritus</strong></span> 
     </span>
     <span class='ocr_line' id='line_1_18' title="bbox 282 2556 1230 2641; baseline 0.004 -23"><span class='ocrx_word' id='word_1_119' title='bbox 282 2556 420 2619; x_wconf 89' lang='lat' dir='ltr'><strong>Sanctus</strong></span> <span class='ocrx_word' id='word_1_120' title='bbox 444 2557 477 2619; x_wconf 93' lang='lat' dir='ltr'><strong>in</strong></span> <span class='ocrx_word' id='word_1_121' title='bbox 498 2559 569 2641; x_wconf 87' lang='lat' dir='ltr'><strong>lege</strong></span> <span class='ocrx_word' id='word_1_122' title='bbox 592 2579 667 2623; x_wconf 88' lang='lat' dir='ltr'><strong>sua:</strong></span> <span class='ocrx_word' id='word_1_123' title='bbox 700 2560 828 2641; x_wconf 81' lang='lat' dir='ltr'><strong>Clamo,</strong></span> <span class='ocrx_word' id='word_1_124' title='bbox 853 2581 1025 2626; x_wconf 82' lang='lat' dir='ltr'><strong>necesses.</strong></span> <span class='ocrx_word' id='word_1_125' title='bbox 1069 2560 1114 2623; x_wconf 86' lang='lat' dir='ltr'><strong>Et</strong></span> <span class='ocrx_word' id='word_1_126' title='bbox 1140 2579 1230 2631; x_wconf 87' lang='lat' dir='ltr'><strong>ecce,</strong></span> 
     </span>
     <span class='ocr_line' id='line_1_19' title="bbox 283 2659 1233 2745; baseline 0.003 -25"><span class='ocrx_word' id='word_1_127' title='bbox 283 2659 463 2743; x_wconf 88' lang='lat' dir='ltr'><strong>nescioqui</strong></span> <span class='ocrx_word' id='word_1_128' title='bbox 484 2660 621 2743; x_wconf 87' lang='lat' dir='ltr'><strong>Spiritus</strong></span> <span class='ocrx_word' id='word_1_129' title='bbox 644 2663 685 2725; x_wconf 93' lang='lat' dir='ltr'><strong>ab</strong></span> <span class='ocrx_word' id='word_1_130' title='bbox 705 2664 783 2726; x_wconf 89' lang='lat' dir='ltr'><strong>urbe</strong></span> <span class='ocrx_word' id='word_1_131' title='bbox 805 2663 839 2725; x_wconf 90' lang='lat' dir='ltr'><strong>in</strong></span> <span class='ocrx_word' id='word_1_132' title='bbox 861 2665 970 2727; x_wconf 90' lang='lat' dir='ltr'><strong>orbem</strong></span> <span class='ocrx_word' id='word_1_133' title='bbox 985 2664 1098 2727; x_wconf 90' lang='lat' dir='ltr'><strong>exiens</strong></span> <span class='ocrx_word' id='word_1_134' title='bbox 1117 2661 1233 2745; x_wconf 73' lang='lat' dir='ltr'><strong>praedi·</strong></span> 
     </span>
     <span class='ocr_line' id='line_1_20' title="bbox 283 2760 1234 2847; baseline 0 -22"><span class='ocrx_word' id='word_1_135' title='bbox 283 2760 444 2825; x_wconf 82' lang='lat' dir='ltr'><strong>caloribus</strong></span> <span class='ocrx_word' id='word_1_136' title='bbox 474 2762 572 2827; x_wconf 86' lang='lat' dir='ltr'><strong>dicit:</strong></span> <span class='ocrx_word' id='word_1_137' title='bbox 608 2764 702 2846; x_wconf 84' lang='lat' dir='ltr'><strong>Tace,</strong></span> <span class='ocrx_word' id='word_1_138' title='bbox 730 2785 772 2827; x_wconf 81' lang='lat' dir='ltr'><strong>ne</strong></span> <span class='ocrx_word' id='word_1_139' title='bbox 800 2766 927 2829; x_wconf 79' lang='lat' dir='ltr'><strong>clames.</strong></span> <span class='ocrx_word' id='word_1_140' title='bbox 978 2765 1127 2847; x_wconf 75' lang='lat' dir='ltr'><strong>Praecipit</strong></span> <span class='ocrx_word' id='word_1_141' title='bbox 1155 2782 1234 2847; x_wconf 84' lang='lat' dir='ltr'><strong>apo·</strong></span> 
     </span>
     <span class='ocr_line' id='line_1_21' title="bbox 282 2864 1232 2948; baseline 0.006 -23"><span class='ocrx_word' id='word_1_142' title='bbox 282 2864 394 2940; x_wconf 89' lang='lat' dir='ltr'><strong>stolus,</strong></span> <span class='ocrx_word' id='word_1_143' title='bbox 410 2864 598 2948; x_wconf 87' lang='lat' dir='ltr'><strong>episcopum</strong></span> <span class='ocrx_word' id='word_1_144' title='bbox 614 2866 799 2929; x_wconf 81' lang='lat' dir='ltr'><strong>instituens:</strong></span> <span class='ocrx_word' id='word_1_145' title='bbox 823 2866 1048 2931; x_wconf 70' lang='lat' dir='ltr'><strong>Ministerinm</strong></span> <span class='ocrx_word' id='word_1_146' title='bbox 1064 2874 1158 2929; x_wconf 81' lang='lat' dir='ltr'><strong>tuum</strong></span> <span class='ocrx_word' id='word_1_147' title='bbox 1171 2868 1232 2931; x_wconf 81' lang='lat' dir='ltr'><strong>inr-</strong></span> 
     </span>
     <span class='ocr_line' id='line_1_22' title="bbox 279 2967 1236 3054; baseline 0.005 -27"><span class='ocrx_word' id='word_1_148' title='bbox 279 2968 344 3047; x_wconf 80' lang='lat' dir='ltr'><strong>ple.</strong></span> <span class='ocrx_word' id='word_1_149' title='bbox 395 2968 439 3028; x_wconf 91' lang='lat' dir='ltr'><strong>Et</strong></span> <span class='ocrx_word' id='word_1_150' title='bbox 464 2989 541 3030; x_wconf 89' lang='lat' dir='ltr'><strong>ecce</strong></span> <span class='ocrx_word' id='word_1_151' title='bbox 565 2967 761 3051; x_wconf 88' lang='lat' dir='ltr'><strong>apostolicus</strong></span> <span class='ocrx_word' id='word_1_152' title='bbox 783 2969 949 3053; x_wconf 74' lang='lat' dir='ltr'><strong>praecipit:</strong></span> <span class='ocrx_word' id='word_1_153' title='bbox 988 2969 1034 3031; x_wconf 80' lang='lat' dir='ltr'><strong>Ab</strong></span> <span class='ocrx_word' id='word_1_154' title='bbox 1059 2967 1159 3054; x_wconf 81' lang='lat' dir='ltr'><strong>officii</strong></span> <span class='ocrx_word' id='word_1_155' title='bbox 1184 2972 1236 3033; x_wconf 79' lang='lat' dir='ltr'><strong>tui</strong></span> 
     </span>
     <span class='ocr_line' id='line_1_23' title="bbox 283 3068 1234 3155; baseline 0.008 -29"><span class='ocrx_word' id='word_1_156' title='bbox 283 3068 465 3129; x_wconf 83' lang='lat' dir='ltr'><strong>ministerio</strong></span> <span class='ocrx_word' id='word_1_157' title='bbox 490 3068 615 3131; x_wconf 78' lang='lat' dir='ltr'><strong>desiste.</strong></span> <span class='ocrx_word' id='word_1_158' title='bbox 663 3068 728 3133; x_wconf 88' lang='lat' dir='ltr'><strong>Sed</strong></span> <span class='ocrx_word' id='word_1_159' title='bbox 750 3071 830 3133; x_wconf 87' lang='lat' dir='ltr'><strong>forte</strong></span> <span class='ocrx_word' id='word_1_160' title='bbox 856 3072 1045 3155; x_wconf 84' lang='lat' dir='ltr'><strong>suspicatur,</strong></span> <span class='ocrx_word' id='word_1_161' title='bbox 1067 3072 1155 3155; x_wconf 92' lang='lat' dir='ltr'><strong>quod</strong></span> <span class='ocrx_word' id='word_1_162' title='bbox 1177 3072 1234 3134; x_wconf 92' lang='lat' dir='ltr'><strong>ho·</strong></span> 
     </span>
     <span class='ocr_line' id='line_1_24' title="bbox 284 3165 1324 3261; baseline 0.013 -35"><span class='ocrx_word' id='word_1_163' title='bbox 284 3165 403 3227; x_wconf 85' lang='lat' dir='ltr'><strong>minem</strong></span> <span class='ocrx_word' id='word_1_164' title='bbox 415 3167 538 3249; x_wconf 91' lang='lat' dir='ltr'><strong>possint</strong></span> <span class='ocrx_word' id='word_1_165' title='bbox 551 3190 609 3251; x_wconf 91' lang='lat' dir='ltr'><strong>per</strong></span> <span class='ocrx_word' id='word_1_166' title='bbox 623 3170 811 3252; x_wconf 85' lang='lat' dir='ltr'><strong>patientiam</strong></span> <span class='ocrx_word' id='word_1_167' title='bbox 825 3174 976 3237; x_wconf 86' lang='lat' dir='ltr'><strong>emollire.</strong></span> <span class='ocrx_word' id='word_1_168' title='bbox 1007 3173 1073 3236; x_wconf 86' lang='lat' dir='ltr'><strong>Sed</strong></span> <span class='ocrx_word' id='word_1_169' title='bbox 1087 3173 1235 3261; x_wconf 88' lang='lat' dir='ltr'><strong>nunquid</strong></span> <span class='ocrx_word' id='word_1_170' title='bbox 1322 3201 1324 3205; x_wconf 52' lang='lat'><em>⁴</em></span> 
     </span>
    </p>
   </div>
   <div class='ocr_carea' id='block_1_3' title="bbox 286 3269 1237 3561">
    <p class='ocr_par' dir='ltr' id='par_1_3' title="bbox 286 3269 1237 3561">
     <span class='ocr_line' id='line_1_25' title="bbox 289 3269 1237 3362; baseline 0.011 -32"><span class='ocrx_word' id='word_1_171' title='bbox 289 3269 351 3331; x_wconf 89' lang='lat' dir='ltr'><strong>hoc</strong></span> <span class='ocrx_word' id='word_1_172' title='bbox 375 3280 528 3351; x_wconf 85' lang='lat' dir='ltr'><strong>expertus</strong></span> <span class='ocrx_word' id='word_1_173' title='bbox 550 3280 599 3333; x_wconf 88' lang='lat' dir='ltr'><strong>est</strong></span> <span class='ocrx_word' id='word_1_174' title='bbox 620 3272 653 3333; x_wconf 93' lang='lat' dir='ltr'><strong>in</strong></span> <span class='ocrx_word' id='word_1_175' title='bbox 676 3273 829 3359; x_wconf 87' lang='lat' dir='ltr'><strong>episcopo</strong></span> <span class='ocrx_word' id='word_1_176' title='bbox 845 3276 1078 3352; x_wconf 82' lang='lat' dir='ltr'><strong>Cantrrariensi,</strong></span> <span class='ocrx_word' id='word_1_177' title='bbox 1095 3278 1150 3362; x_wconf 91' lang='lat' dir='ltr'><strong>qni</strong></span> <span class='ocrx_word' id='word_1_178' title='bbox 1167 3278 1237 3362; x_wconf 91' lang='lat' dir='ltr'><strong>jam</strong></span> 
     </span>
     <span class='ocr_line' id='line_1_26' title="bbox 286 3368 1237 3461; baseline 0.014 -32"><span class='ocrx_word' id='word_1_179' title='bbox 286 3369 350 3431; x_wconf 87' lang='lat' dir='ltr'><strong>sere</strong></span> <span class='ocrx_word' id='word_1_180' title='bbox 380 3368 592 3452; x_wconf 84' lang='lat' dir='ltr'><strong>quadriennio</strong></span> <span class='ocrx_word' id='word_1_181' title='bbox 621 3370 697 3435; x_wconf 90' lang='lat' dir='ltr'><strong>sede</strong></span> <span class='ocrx_word' id='word_1_182' title='bbox 728 3394 787 3436; x_wconf 85' lang='lat' dir='ltr'><strong>sua</strong></span> <span class='ocrx_word' id='word_1_183' title='bbox 815 3376 967 3459; x_wconf 88' lang='lat' dir='ltr'><strong>privatus,</strong></span> <span class='ocrx_word' id='word_1_184' title='bbox 992 3386 1023 3439; x_wconf 90' lang='lat' dir='ltr'><strong>et</strong></span> <span class='ocrx_word' id='word_1_185' title='bbox 1052 3378 1237 3461; x_wconf 77' lang='lat' dir='ltr'><strong>apostolicae</strong></span> 
     </span>
     <span class='ocr_line' id='line_1_27' title="bbox 288 3470 1236 3561; baseline 0.012 -29"><span class='ocrx_word' id='word_1_186' title='bbox 288 3470 372 3534; x_wconf 90' lang='lat' dir='ltr'><strong>sedis</strong></span> <span class='ocrx_word' id='word_1_187' title='bbox 394 3470 623 3552; x_wconf 88' lang='lat' dir='ltr'><strong>remissionem,</strong></span> <span class='ocrx_word' id='word_1_188' title='bbox 638 3485 670 3537; x_wconf 89' lang='lat' dir='ltr'><strong>et</strong></span> <span class='ocrx_word' id='word_1_189' title='bbox 691 3475 779 3538; x_wconf 91' lang='lat' dir='ltr'><strong>illins</strong></span> <span class='ocrx_word' id='word_1_190' title='bbox 800 3476 1000 3561; x_wconf 86' lang='lat' dir='ltr'><strong>tyrannidem</strong></span> <span class='ocrx_word' id='word_1_191' title='bbox 1020 3480 1115 3542; x_wconf 88' lang='lat' dir='ltr'><strong>sentit</strong></span> <span class='ocrx_word' id='word_1_192' title='bbox 1136 3500 1236 3561; x_wconf 87' lang='lat' dir='ltr'><strong>expo·</strong></span> 
     </span>
    </p>
   </div>
   <div class='ocr_carea' id='block_1_4' title="bbox 285 3569 1242 4155">
    <p class='ocr_par' dir='ltr' id='par_1_4' title="bbox 285 3569 1242 4155">
     <span class='ocr_line' id='line_1_28' title="bbox 285 3569 1237 3662; baseline 0.006 -26"><span class='ocrx_word' id='word_1_193' title='bbox 285 3569 364 3636; x_wconf 92' lang='lat' dir='ltr'><strong>situs</strong></span> <span class='ocrx_word' id='word_1_194' title='bbox 386 3570 509 3637; x_wconf 84' lang='lat' dir='ltr'><strong>ventis?</strong></span> <span class='ocrx_word' id='word_1_195' title='bbox 547 3575 718 3640; x_wconf 81' lang='lat' dir='ltr'><strong>Providerat</strong></span> <span class='ocrx_word' id='word_1_196' title='bbox 744 3599 854 3661; x_wconf 85' lang='lat' dir='ltr'><strong>quaeso</strong></span> <span class='ocrx_word' id='word_1_197' title='bbox 882 3579 1031 3642; x_wconf 90' lang='lat' dir='ltr'><strong>dominus</strong></span> <span class='ocrx_word' id='word_1_198' title='bbox 1053 3600 1139 3662; x_wconf 87' lang='lat' dir='ltr'><strong>papa</strong></span> <span class='ocrx_word' id='word_1_199' title='bbox 1161 3600 1237 3641; x_wconf 90' lang='lat' dir='ltr'><strong>con·</strong></span> 
     </span>
     <span class='ocr_line' id='line_1_29' title="bbox 286 3676 1239 3760; baseline 0.007 -22"><span class='ocrx_word' id='word_1_200' title='bbox 286 3676 429 3741; x_wconf 77' lang='lat' dir='ltr'><strong>scientim</strong></span> <span class='ocrx_word' id='word_1_201' title='bbox 452 3699 528 3756; x_wconf 89' lang='lat' dir='ltr'><strong>suae,</strong></span> <span class='ocrx_word' id='word_1_202' title='bbox 543 3678 709 3760; x_wconf 78' lang='lat' dir='ltr'><strong>provideat</strong></span> <span class='ocrx_word' id='word_1_203' title='bbox 729 3693 761 3743; x_wconf 88' lang='lat' dir='ltr'><strong>et</strong></span> <span class='ocrx_word' id='word_1_204' title='bbox 774 3681 878 3759; x_wconf 84' lang='lat' dir='ltr'><strong>famae,</strong></span> <span class='ocrx_word' id='word_1_205' title='bbox 897 3692 930 3744; x_wconf 90' lang='lat' dir='ltr'><strong>et</strong></span> <span class='ocrx_word' id='word_1_206' title='bbox 948 3682 1073 3759; x_wconf 91' lang='lat' dir='ltr'><strong>honori,</strong></span> <span class='ocrx_word' id='word_1_207' title='bbox 1092 3692 1124 3745; x_wconf 90' lang='lat' dir='ltr'><strong>et</strong></span> <span class='ocrx_word' id='word_1_208' title='bbox 1145 3682 1239 3745; x_wconf 91' lang='lat' dir='ltr'><strong>saluti</strong></span> 
     </span>
     <span class='ocr_line' id='line_1_30' title="bbox 287 3780 1242 3866; baseline 0.006 -25"><span class='ocrx_word' id='word_1_209' title='bbox 287 3780 443 3843; x_wconf 76' lang='lat' dir='ltr'><strong>ecclesiae.</strong></span> <span class='ocrx_word' id='word_1_210' title='bbox 497 3781 542 3842; x_wconf 88' lang='lat' dir='ltr'><strong>Et</strong></span> <span class='ocrx_word' id='word_1_211' title='bbox 567 3802 623 3843; x_wconf 91' lang='lat' dir='ltr'><strong>ros</strong></span> <span class='ocrx_word' id='word_1_212' title='bbox 652 3782 722 3846; x_wconf 84' lang='lat' dir='ltr'><strong>haec</strong></span> <span class='ocrx_word' id='word_1_213' title='bbox 752 3783 783 3846; x_wconf 89' lang='lat' dir='ltr'><strong>ei</strong></span> <span class='ocrx_word' id='word_1_214' title='bbox 814 3784 997 3866; x_wconf 85' lang='lat' dir='ltr'><strong>diligentius</strong></span> <span class='ocrx_word' id='word_1_215' title='bbox 1026 3784 1182 3858; x_wconf 86' lang='lat' dir='ltr'><strong>intimate,</strong></span> <span class='ocrx_word' id='word_1_216' title='bbox 1209 3796 1242 3848; x_wconf 90' lang='lat' dir='ltr'><strong>et</strong></span> 
     </span>
     <span class='ocr_line' id='line_1_31' title="bbox 287 3883 1242 3966; baseline 0.003 -21"><span class='ocrx_word' id='word_1_217' title='bbox 287 3884 476 3966; x_wconf 79' lang='lat' dir='ltr'><strong>persuadete</strong></span> <span class='ocrx_word' id='word_1_218' title='bbox 514 3883 653 3947; x_wconf 88' lang='lat' dir='ltr'><strong>dominis</strong></span> <span class='ocrx_word' id='word_1_219' title='bbox 692 3887 927 3951; x_wconf 85' lang='lat' dir='ltr'><strong>cardinalibus:</strong></span> <span class='ocrx_word' id='word_1_220' title='bbox 965 3899 1001 3953; x_wconf 92' lang='lat' dir='ltr'><strong>ut</strong></span> <span class='ocrx_word' id='word_1_221' title='bbox 1039 3888 1242 3953; x_wconf 88' lang='lat' dir='ltr'><strong>meminerint</strong></span> 
     </span>
     <span class='ocr_line' id='line_1_32' title="bbox 286 3982 1240 4073; baseline 0.002 -28"><span class='ocrx_word' id='word_1_222' title='bbox 286 3982 406 4047; x_wconf 90' lang='lat' dir='ltr'><strong>Judicii</strong></span> <span class='ocrx_word' id='word_1_223' title='bbox 422 3985 497 4062; x_wconf 89' lang='lat' dir='ltr'><strong>Dei,</strong></span> <span class='ocrx_word' id='word_1_224' title='bbox 514 3982 601 4068; x_wconf 91' lang='lat' dir='ltr'><strong>quod</strong></span> <span class='ocrx_word' id='word_1_225' title='bbox 616 3985 740 4070; x_wconf 84' lang='lat' dir='ltr'><strong>jugiter</strong></span> <span class='ocrx_word' id='word_1_226' title='bbox 759 3989 933 4072; x_wconf 91' lang='lat' dir='ltr'><strong>implorant</strong></span> <span class='ocrx_word' id='word_1_227' title='bbox 950 4010 1107 4073; x_wconf 86' lang='lat' dir='ltr'><strong>pauperes</strong></span> <span class='ocrx_word' id='word_1_228' title='bbox 1123 3985 1240 4049; x_wconf 84' lang='lat' dir='ltr'><strong>Christi</strong></span> 
     </span>
     <span class='ocr_line' id='line_1_33' title="bbox 289 4087 1028 4155; baseline 0.004 -8"><span class='ocrx_word' id='word_1_229' title='bbox 289 4093 400 4149; x_wconf 90' lang='lat' dir='ltr'><strong>contra</strong></span> <span class='ocrx_word' id='word_1_230' title='bbox 415 4108 528 4150; x_wconf 88' lang='lat' dir='ltr'><strong>omnes</strong></span> <span class='ocrx_word' id='word_1_231' title='bbox 541 4087 694 4151; x_wconf 84' lang='lat' dir='ltr'><strong>libertatis</strong></span> <span class='ocrx_word' id='word_1_232' title='bbox 709 4092 854 4155; x_wconf 83' lang='lat' dir='ltr'><strong>ecelesiae</strong></span> <span class='ocrx_word' id='word_1_233' title='bbox 869 4089 1028 4154; x_wconf 86' lang='lat' dir='ltr'><strong>inimicos.</strong></span> 
     </span>
    </p>
   </div>
   <div class='ocr_carea' id='block_1_5' title="bbox 0 0 1552 5200">
    <p class='ocr_par' dir='ltr' id='par_1_5' title="bbox 0 0 1552 5200">
     <span class='ocr_line' id='line_1_34' title="bbox 0 0 1552 5200; baseline 0 0"><span class='ocrx_word' id='word_1_234' title='bbox 0 0 1552 5200; x_wconf 95' lang='lat' dir='ltr'><strong> </strong></span> 
     </span>
    </p>
   </div>
  </div>
 </body>
</html>
