<?xml version="1.0" encoding="UTF-8"?>
<!DOCTYPE html PUBLIC "-//W3C//DTD XHTML 1.0 Transitional//EN"
    "http://www.w3.org/TR/xhtml1/DTD/xhtml1-transitional.dtd">
<html xmlns="http://www.w3.org/1999/xhtml" xml:lang="en" lang="en">
 <head>
  <title>
</title>
<meta http-equiv="Content-Type" content="text/html;charset=utf-8" />
  <meta name='ocr-system' content='tesseract 3.04.00' />
  <meta name='ocr-capabilities' content='ocr_page ocr_carea ocr_par ocr_line ocrx_word'/>
</head>
<body>
  <div class='ocr_page' id='page_1' title='image "./joannissaresber11johngoog_0143.png"; bbox 0 0 3034 5200; ppageno 0'>
   <div class='ocr_carea' id='block_1_1' title="bbox 315 704 1265 777">
    <p class='ocr_par' dir='ltr' id='par_1_1' title="bbox 315 704 1265 777">
     <span class='ocr_line' id='line_1_1' title="bbox 315 704 1265 777; baseline 0.002 -14"><span class='ocrx_word' id='word_1_1' title='bbox 315 704 376 764; x_wconf 69' lang='lat'>124</span> <span class='ocrx_word' id='word_1_2' title='bbox 582 719 719 762; x_wconf 73' lang='lat' dir='ltr'>sonorus</span> <span class='ocrx_word' id='word_1_3' title='bbox 733 717 1009 762; x_wconf 78' lang='lat' dir='ltr'>saunsssureusrs</span> <span class='ocrx_word' id='word_1_4' title='bbox 1169 704 1216 777; x_wconf 74' lang='lat' dir='ltr'>[n.</span> <span class='ocrx_word' id='word_1_5' title='bbox 1235 722 1265 765; x_wconf 88' lang='lat' dir='ltr'>n.</span> 
     </span>
    </p>
   </div>
   <div class='ocr_carea' id='block_1_2' title="bbox 302 869 1266 4396">
    <p class='ocr_par' dir='ltr' id='par_1_2' title="bbox 302 869 1266 4396">
     <span class='ocr_line' id='line_1_2' title="bbox 315 869 1266 953; baseline 0.003 -19"><span class='ocrx_word' id='word_1_6' title='bbox 315 872 489 934; x_wconf 90' lang='lat' dir='ltr'>officiorum</span> <span class='ocrx_word' id='word_1_7' title='bbox 506 869 714 952; x_wconf 86' lang='lat' dir='ltr'>gerendorum</span> <span class='ocrx_word' id='word_1_8' title='bbox 726 890 838 933; x_wconf 89' lang='lat' dir='ltr'>norma</span> <span class='ocrx_word' id='word_1_9' title='bbox 848 872 1045 953; x_wconf 67' lang='lat' dir='ltr'>praescribit:</span> <span class='ocrx_word' id='word_1_10' title='bbox 1070 874 1132 937; x_wconf 89' lang='lat' dir='ltr'>boc</span> <span class='ocrx_word' id='word_1_11' title='bbox 1144 885 1266 938; x_wconf 86' lang='lat' dir='ltr'>certum</span> 
     </span>
     <span class='ocr_line' id='line_1_3' title="bbox 313 969 1266 1052; baseline 0.004 -18"><span class='ocrx_word' id='word_1_12' title='bbox 313 981 362 1034; x_wconf 91' lang='lat' dir='ltr'>est</span> <span class='ocrx_word' id='word_1_13' title='bbox 376 970 531 1033; x_wconf 81' lang='lat' dir='ltr'>universis</span> <span class='ocrx_word' id='word_1_14' title='bbox 545 969 828 1033; x_wconf 79' lang='lat' dir='ltr'>cantuariensibus</span> <span class='ocrx_word' id='word_1_15' title='bbox 844 973 1055 1052; x_wconf 84' lang='lat' dir='ltr'>complacere.</span> <span class='ocrx_word' id='word_1_16' title='bbox 1100 975 1207 1037; x_wconf 89' lang='lat' dir='ltr'><strong>Amici</strong></span> <span class='ocrx_word' id='word_1_17' title='bbox 1218 977 1266 1037; x_wconf 92' lang='lat' dir='ltr'>tui</span> 
     </span>
     <span class='ocr_line' id='line_1_4' title="bbox 312 1068 1266 1159; baseline 0.004 -25"><span class='ocrx_word' id='word_1_18' title='bbox 312 1082 388 1134; x_wconf 90' lang='lat' dir='ltr'>suut</span> <span class='ocrx_word' id='word_1_19' title='bbox 401 1091 510 1133; x_wconf 91' lang='lat' dir='ltr'>eorum</span> <span class='ocrx_word' id='word_1_20' title='bbox 525 1069 666 1153; x_wconf 84' lang='lat' dir='ltr'>plurimi,</span> <span class='ocrx_word' id='word_1_21' title='bbox 685 1081 718 1132; x_wconf 91' lang='lat' dir='ltr'>et</span> <span class='ocrx_word' id='word_1_22' title='bbox 733 1068 773 1132; x_wconf 87' lang='lat' dir='ltr'>de</span> <span class='ocrx_word' id='word_1_23' title='bbox 796 1081 826 1132; x_wconf 90' lang='lat' dir='ltr'>te</span> <span class='ocrx_word' id='word_1_24' title='bbox 843 1070 916 1153; x_wconf 85' lang='lat' dir='ltr'>jure</span> <span class='ocrx_word' id='word_1_25' title='bbox 939 1072 1101 1134; x_wconf 85' lang='lat' dir='ltr'>societatis</span> <span class='ocrx_word' id='word_1_26' title='bbox 1123 1075 1266 1159; x_wconf 88' lang='lat' dir='ltr'>autiquae</span> 
     </span>
     <span class='ocr_line' id='line_1_5' title="bbox 308 1171 1264 1240; baseline 0.005 -5"><span class='ocrx_word' id='word_1_27' title='bbox 308 1174 398 1237; x_wconf 85' lang='lat' dir='ltr'>relut</span> <span class='ocrx_word' id='word_1_28' title='bbox 412 1172 453 1236; x_wconf 93' lang='lat' dir='ltr'>de</span> <span class='ocrx_word' id='word_1_29' title='bbox 470 1172 564 1236; x_wconf 83' lang='lat' dir='ltr'>fratre</span> <span class='ocrx_word' id='word_1_30' title='bbox 587 1171 766 1235; x_wconf 85' lang='lat' dir='ltr'>confidunt.</span> <span class='ocrx_word' id='word_1_31' title='bbox 812 1171 908 1237; x_wconf 87' lang='lat' dir='ltr'><strong>Unde</strong></span> <span class='ocrx_word' id='word_1_32' title='bbox 924 1194 958 1235; x_wconf 92' lang='lat' dir='ltr'>se</span> <span class='ocrx_word' id='word_1_33' title='bbox 981 1175 1173 1237; x_wconf 90' lang='lat' dir='ltr'>necessariis</span> <span class='ocrx_word' id='word_1_34' title='bbox 1196 1179 1264 1240; x_wconf 88' lang='lat' dir='ltr'>suis</span> 
     </span>
     <span class='ocr_line' id='line_1_6' title="bbox 309 1273 1264 1360; baseline 0.002 -22"><span class='ocrx_word' id='word_1_35' title='bbox 309 1276 447 1338; x_wconf 86' lang='lat' dir='ltr'>fatentur</span> <span class='ocrx_word' id='word_1_36' title='bbox 468 1273 639 1351; x_wconf 82' lang='lat' dir='ltr'>obnoxios,</span> <span class='ocrx_word' id='word_1_37' title='bbox 661 1285 695 1336; x_wconf 90' lang='lat' dir='ltr'>et</span> <span class='ocrx_word' id='word_1_38' title='bbox 715 1274 780 1351; x_wconf 86' lang='lat' dir='ltr'>illis</span> <span class='ocrx_word' id='word_1_39' title='bbox 800 1285 954 1356; x_wconf 90' lang='lat' dir='ltr'>tauquam</span> <span class='ocrx_word' id='word_1_40' title='bbox 977 1275 1040 1337; x_wconf 88' lang='lat' dir='ltr'>sibi</span> <span class='ocrx_word' id='word_1_41' title='bbox 1065 1280 1264 1360; x_wconf 88' lang='lat' dir='ltr'>contempla·</span> 
     </span>
     <span class='ocr_line' id='line_1_7' title="bbox 309 1372 1264 1463; baseline 0.002 -23"><span class='ocrx_word' id='word_1_42' title='bbox 309 1378 397 1441; x_wconf 86' lang='lat' dir='ltr'>tione</span> <span class='ocrx_word' id='word_1_43' title='bbox 410 1377 457 1441; x_wconf 92' lang='lat' dir='ltr'>tui</span> <span class='ocrx_word' id='word_1_44' title='bbox 472 1372 653 1440; x_wconf 89' lang='lat' dir='ltr'>desiderant</span> <span class='ocrx_word' id='word_1_45' title='bbox 667 1397 737 1439; x_wconf 90' lang='lat' dir='ltr'>esse</span> <span class='ocrx_word' id='word_1_46' title='bbox 752 1388 968 1460; x_wconf 88' lang='lat' dir='ltr'>prospectum.</span> <span class='ocrx_word' id='word_1_47' title='bbox 1012 1378 1098 1441; x_wconf 91' lang='lat' dir='ltr'>Nam</span> <span class='ocrx_word' id='word_1_48' title='bbox 1114 1380 1264 1463; x_wconf 89' lang='lat' dir='ltr'>quisquis</span> 
     </span>
     <span class='ocr_line' id='line_1_8' title="bbox 309 1477 1264 1565; baseline 0.002 -21"><span class='ocrx_word' id='word_1_49' title='bbox 309 1481 422 1545; x_wconf 90' lang='lat' dir='ltr'>amicis</span> <span class='ocrx_word' id='word_1_50' title='bbox 435 1500 546 1544; x_wconf 89' lang='lat' dir='ltr'>eorum</span> <span class='ocrx_word' id='word_1_51' title='bbox 558 1477 746 1542; x_wconf 87' lang='lat' dir='ltr'>commodus</span> <span class='ocrx_word' id='word_1_52' title='bbox 761 1489 822 1557; x_wconf 86' lang='lat' dir='ltr'>est,</span> <span class='ocrx_word' id='word_1_53' title='bbox 832 1488 880 1542; x_wconf 89' lang='lat' dir='ltr'>est</span> <span class='ocrx_word' id='word_1_54' title='bbox 894 1497 926 1541; x_wconf 88' lang='lat' dir='ltr'>et</span> <span class='ocrx_word' id='word_1_55' title='bbox 936 1478 1010 1542; x_wconf 90' lang='lat' dir='ltr'>illis.</span> <span class='ocrx_word' id='word_1_56' title='bbox 1048 1480 1142 1544; x_wconf 84' lang='lat' dir='ltr'>Licet</span> <span class='ocrx_word' id='word_1_57' title='bbox 1152 1480 1264 1565; x_wconf 85' lang='lat' dir='ltr'>itaque</span> 
     </span>
     <span class='ocr_line' id='line_1_9' title="bbox 312 1580 1266 1664; baseline 0.001 -17"><span class='ocrx_word' id='word_1_58' title='bbox 312 1584 460 1648; x_wconf 89' lang='lat' dir='ltr'>dominus</span> <span class='ocrx_word' id='word_1_59' title='bbox 475 1580 684 1659; x_wconf 86' lang='lat' dir='ltr'>Exouiensis,</span> <span class='ocrx_word' id='word_1_60' title='bbox 696 1580 751 1664; x_wconf 91' lang='lat' dir='ltr'>qui</span> <span class='ocrx_word' id='word_1_61' title='bbox 764 1581 834 1644; x_wconf 88' lang='lat' dir='ltr'>sine</span> <span class='ocrx_word' id='word_1_62' title='bbox 846 1590 901 1643; x_wconf 92' lang='lat' dir='ltr'>tuo</span> <span class='ocrx_word' id='word_1_63' title='bbox 912 1580 1093 1663; x_wconf 80' lang='lat' dir='ltr'>gravamine</span> <span class='ocrx_word' id='word_1_64' title='bbox 1105 1583 1266 1647; x_wconf 87' lang='lat' dir='ltr'>molestari</span> 
     </span>
     <span class='ocr_line' id='line_1_10' title="bbox 311 1681 1266 1766; baseline 0.001 -19"><span class='ocrx_word' id='word_1_65' title='bbox 311 1706 379 1748; x_wconf 90' lang='lat' dir='ltr'>nou</span> <span class='ocrx_word' id='word_1_66' title='bbox 408 1684 537 1766; x_wconf 88' lang='lat' dir='ltr'>poterit,</span> <span class='ocrx_word' id='word_1_67' title='bbox 561 1703 621 1745; x_wconf 88' lang='lat' dir='ltr'>nec</span> <span class='ocrx_word' id='word_1_68' title='bbox 647 1681 893 1765; x_wconf 84' lang='lat' dir='ltr'>archiepiscopo</span> <span class='ocrx_word' id='word_1_69' title='bbox 918 1703 979 1744; x_wconf 90' lang='lat' dir='ltr'>nec</span> <span class='ocrx_word' id='word_1_70' title='bbox 1010 1682 1107 1746; x_wconf 89' lang='lat' dir='ltr'>alicui</span> <span class='ocrx_word' id='word_1_71' title='bbox 1136 1705 1266 1748; x_wconf 88' lang='lat' dir='ltr'>suornm</span> 
     </span>
     <span class='ocr_line' id='line_1_11' title="bbox 312 1783 1265 1868; baseline 0.001 -20"><span class='ocrx_word' id='word_1_72' title='bbox 312 1784 434 1848; x_wconf 87' lang='lat' dir='ltr'>amicus</span> <span class='ocrx_word' id='word_1_73' title='bbox 453 1784 600 1847; x_wconf 83' lang='lat' dir='ltr'>iuventus</span> <span class='ocrx_word' id='word_1_74' title='bbox 622 1783 662 1845; x_wconf 89' lang='lat' dir='ltr'>sit</span> <span class='ocrx_word' id='word_1_75' title='bbox 683 1792 739 1844; x_wconf 93' lang='lat' dir='ltr'>aut</span> <span class='ocrx_word' id='word_1_76' title='bbox 761 1783 923 1845; x_wconf 90' lang='lat' dir='ltr'>officiosus</span> <span class='ocrx_word' id='word_1_77' title='bbox 945 1783 978 1845; x_wconf 91' lang='lat' dir='ltr'>in</span> <span class='ocrx_word' id='word_1_78' title='bbox 1000 1784 1128 1868; x_wconf 87' lang='lat' dir='ltr'>aliquo:</span> <span class='ocrx_word' id='word_1_79' title='bbox 1158 1794 1265 1849; x_wconf 90' lang='lat' dir='ltr'>tamen</span> 
     </span>
     <span class='ocr_line' id='line_1_12' title="bbox 315 1880 1264 1969; baseline 0.003 -23"><span class='ocrx_word' id='word_1_80' title='bbox 315 1884 392 1969; x_wconf 91' lang='lat' dir='ltr'>quia</span> <span class='ocrx_word' id='word_1_81' title='bbox 415 1884 475 1946; x_wconf 90' lang='lat' dir='ltr'>tibi</span> <span class='ocrx_word' id='word_1_82' title='bbox 498 1882 571 1966; x_wconf 90' lang='lat' dir='ltr'>jure</span> <span class='ocrx_word' id='word_1_83' title='bbox 598 1881 721 1944; x_wconf 89' lang='lat' dir='ltr'>amicus</span> <span class='ocrx_word' id='word_1_84' title='bbox 750 1891 809 1960; x_wconf 88' lang='lat' dir='ltr'>est,</span> <span class='ocrx_word' id='word_1_85' title='bbox 837 1880 931 1944; x_wconf 93' lang='lat' dir='ltr'>doleo</span> <span class='ocrx_word' id='word_1_86' title='bbox 962 1882 1049 1966; x_wconf 90' lang='lat' dir='ltr'>quod</span> <span class='ocrx_word' id='word_1_87' title='bbox 1077 1886 1264 1966; x_wconf 86' lang='lat' dir='ltr'>perversitas</span> 
     </span>
     <span class='ocr_line' id='line_1_13' title="bbox 314 1983 1264 2072; baseline -0.001 -22"><span class='ocrx_word' id='word_1_88' title='bbox 314 1984 511 2072; x_wconf 88' lang='lat' dir='ltr'>quorundam</span> <span class='ocrx_word' id='word_1_89' title='bbox 528 1983 585 2045; x_wconf 87' lang='lat' dir='ltr'>vix</span> <span class='ocrx_word' id='word_1_90' title='bbox 598 1983 799 2046; x_wconf 84' lang='lat' dir='ltr'>execrabiles</span> <span class='ocrx_word' id='word_1_91' title='bbox 821 1983 851 2046; x_wconf 91' lang='lat' dir='ltr'>ei</span> <span class='ocrx_word' id='word_1_92' title='bbox 874 1983 1008 2048; x_wconf 89' lang='lat' dir='ltr'>tetendit</span> <span class='ocrx_word' id='word_1_93' title='bbox 1030 1984 1176 2065; x_wconf 86' lang='lat' dir='ltr'>insidias,</span> <span class='ocrx_word' id='word_1_94' title='bbox 1190 2008 1264 2069; x_wconf 93' lang='lat' dir='ltr'>pro·</span> 
     </span>
     <span class='ocr_line' id='line_1_14' title="bbox 313 2087 1263 2168; baseline 0 -15"><span class='ocrx_word' id='word_1_95' title='bbox 313 2089 422 2153; x_wconf 83' lang='lat' dir='ltr'>rideat</span> <span class='ocrx_word' id='word_1_96' title='bbox 435 2089 483 2150; x_wconf 90' lang='lat' dir='ltr'>illi</span> <span class='ocrx_word' id='word_1_97' title='bbox 498 2087 606 2150; x_wconf 83' lang='lat' dir='ltr'>Deus:</span> <span class='ocrx_word' id='word_1_98' title='bbox 637 2098 670 2148; x_wconf 91' lang='lat' dir='ltr'>et</span> <span class='ocrx_word' id='word_1_99' title='bbox 685 2093 718 2148; x_wconf 91' lang='lat' dir='ltr'>tn</span> <span class='ocrx_word' id='word_1_100' title='bbox 733 2096 895 2168; x_wconf 74' lang='lat' dir='ltr'>praeunte</span> <span class='ocrx_word' id='word_1_101' title='bbox 911 2088 1010 2167; x_wconf 80' lang='lat' dir='ltr'>gratia</span> <span class='ocrx_word' id='word_1_102' title='bbox 1025 2088 1180 2152; x_wconf 89' lang='lat' dir='ltr'>sollicitus</span> <span class='ocrx_word' id='word_1_103' title='bbox 1196 2101 1263 2154; x_wconf 89' lang='lat' dir='ltr'>esto</span> 
     </span>
     <span class='ocr_line' id='line_1_15' title="bbox 309 2187 1261 2270; baseline -0.002 -15"><span class='ocrx_word' id='word_1_104' title='bbox 309 2189 468 2270; x_wconf 82' lang='lat' dir='ltr'>suffragiis</span> <span class='ocrx_word' id='word_1_105' title='bbox 482 2188 766 2269; x_wconf 85' lang='lat' dir='ltr'>eleemosynarum,</span> <span class='ocrx_word' id='word_1_106' title='bbox 780 2187 933 2250; x_wconf 90' lang='lat' dir='ltr'>orationis</span> <span class='ocrx_word' id='word_1_107' title='bbox 949 2188 1112 2267; x_wconf 88' lang='lat' dir='ltr'>instantia,</span> <span class='ocrx_word' id='word_1_108' title='bbox 1126 2201 1159 2253; x_wconf 88' lang='lat' dir='ltr'>et</span> <span class='ocrx_word' id='word_1_109' title='bbox 1183 2189 1261 2254; x_wconf 91' lang='lat' dir='ltr'>deli·</span> 
     </span>
     <span class='ocr_line' id='line_1_16' title="bbox 311 2285 1260 2373; baseline -0.001 -17"><span class='ocrx_word' id='word_1_110' title='bbox 311 2289 444 2356; x_wconf 90' lang='lat' dir='ltr'>berandi</span> <span class='ocrx_word' id='word_1_111' title='bbox 474 2288 578 2353; x_wconf 88' lang='lat' dir='ltr'>studio</span> <span class='ocrx_word' id='word_1_112' title='bbox 608 2285 778 2353; x_wconf 89' lang='lat' dir='ltr'>consilium</span> <span class='ocrx_word' id='word_1_113' title='bbox 807 2299 903 2370; x_wconf 91' lang='lat' dir='ltr'>prout</span> <span class='ocrx_word' id='word_1_114' title='bbox 932 2310 952 2351; x_wconf 91' lang='lat' dir='ltr'>a</span> <span class='ocrx_word' id='word_1_115' title='bbox 985 2303 1075 2373; x_wconf 90' lang='lat' dir='ltr'>patre</span> <span class='ocrx_word' id='word_1_116' title='bbox 1106 2292 1260 2355; x_wconf 90' lang='lat' dir='ltr'>luminum</span> 
     </span>
     <span class='ocr_line' id='line_1_17' title="bbox 311 2387 1262 2478; baseline -0.001 -21"><span class='ocrx_word' id='word_1_117' title='bbox 311 2390 530 2478; x_wconf 82' lang='lat' dir='ltr'>impetraveris</span> <span class='ocrx_word' id='word_1_118' title='bbox 555 2387 745 2451; x_wconf 89' lang='lat' dir='ltr'>ministrare.</span> <span class='ocrx_word' id='word_1_119' title='bbox 791 2391 874 2452; x_wconf 91' lang='lat' dir='ltr'>Nam</span> <span class='ocrx_word' id='word_1_120' title='bbox 898 2389 961 2452; x_wconf 91' lang='lat' dir='ltr'>nisi</span> <span class='ocrx_word' id='word_1_121' title='bbox 984 2390 1076 2454; x_wconf 84' lang='lat' dir='ltr'>Deus</span> <span class='ocrx_word' id='word_1_122' title='bbox 1098 2392 1262 2474; x_wconf 87' lang='lat' dir='ltr'>impediat,</span> 
     </span>
     <span class='ocr_line' id='line_1_18' title="bbox 311 2487 1261 2580; baseline -0.002 -22"><span class='ocrx_word' id='word_1_123' title='bbox 311 2504 366 2559; x_wconf 91' lang='lat' dir='ltr'>aut</span> <span class='ocrx_word' id='word_1_124' title='bbox 383 2489 661 2576; x_wconf 88' lang='lat' dir='ltr'>archiepiscopum</span> <span class='ocrx_word' id='word_1_125' title='bbox 685 2487 828 2580; x_wconf 86' lang='lat' dir='ltr'>offendet</span> <span class='ocrx_word' id='word_1_126' title='bbox 851 2513 923 2554; x_wconf 91' lang='lat' dir='ltr'>cum</span> <span class='ocrx_word' id='word_1_127' title='bbox 949 2491 1120 2574; x_wconf 89' lang='lat' dir='ltr'>dispendio</span> <span class='ocrx_word' id='word_1_128' title='bbox 1136 2494 1261 2558; x_wconf 91' lang='lat' dir='ltr'>consci-</span> 
     </span>
     <span class='ocr_line' id='line_1_19' title="bbox 309 2590 1263 2677; baseline -0.002 -16"><span class='ocrx_word' id='word_1_129' title='bbox 309 2595 414 2671; x_wconf 75' lang='lat' dir='ltr'>entia,</span> <span class='ocrx_word' id='word_1_130' title='bbox 431 2606 485 2657; x_wconf 89' lang='lat' dir='ltr'>aut</span> <span class='ocrx_word' id='word_1_131' title='bbox 498 2612 607 2675; x_wconf 82' lang='lat' dir='ltr'>regem</span> <span class='ocrx_word' id='word_1_132' title='bbox 621 2603 652 2654; x_wconf 90' lang='lat' dir='ltr'>et</span> <span class='ocrx_word' id='word_1_133' title='bbox 667 2590 844 2656; x_wconf 85' lang='lat' dir='ltr'>cardinales</span> <span class='ocrx_word' id='word_1_134' title='bbox 859 2612 945 2656; x_wconf 86' lang='lat' dir='ltr'>suos.</span> <span class='ocrx_word' id='word_1_135' title='bbox 989 2593 1192 2677; x_wconf 87' lang='lat' dir='ltr'>Recepturus</span> <span class='ocrx_word' id='word_1_136' title='bbox 1213 2608 1263 2659; x_wconf 91' lang='lat' dir='ltr'>est</span> 
     </span>
     <span class='ocr_line' id='line_1_20' title="bbox 310 2692 1263 2781; baseline -0.005 -17"><span class='ocrx_word' id='word_1_137' title='bbox 310 2700 407 2778; x_wconf 93' lang='lat' dir='ltr'>enim,</span> <span class='ocrx_word' id='word_1_138' title='bbox 430 2696 456 2760; x_wconf 87' lang='lat' dir='ltr'>si</span> <span class='ocrx_word' id='word_1_139' title='bbox 481 2692 625 2758; x_wconf 90' lang='lat' dir='ltr'>nondum</span> <span class='ocrx_word' id='word_1_140' title='bbox 648 2694 772 2777; x_wconf 89' lang='lat' dir='ltr'>recepit</span> <span class='ocrx_word' id='word_1_141' title='bbox 795 2694 915 2758; x_wconf 83' lang='lat' dir='ltr'>litteras</span> <span class='ocrx_word' id='word_1_142' title='bbox 939 2696 1127 2775; x_wconf 81' lang='lat' dir='ltr'>legatorum,</span> <span class='ocrx_word' id='word_1_143' title='bbox 1151 2697 1263 2781; x_wconf 87' lang='lat' dir='ltr'>praeci-</span> 
     </span>
     <span class='ocr_line' id='line_1_21' title="bbox 309 2796 1261 2889; baseline -0.002 -25"><span class='ocrx_word' id='word_1_144' title='bbox 309 2803 435 2886; x_wconf 87' lang='lat' dir='ltr'>pientes</span> <span class='ocrx_word' id='word_1_145' title='bbox 446 2812 481 2862; x_wconf 91' lang='lat' dir='ltr'>ut</span> <span class='ocrx_word' id='word_1_146' title='bbox 495 2798 640 2861; x_wconf 88' lang='lat' dir='ltr'>absolvat</span> <span class='ocrx_word' id='word_1_147' title='bbox 650 2796 948 2859; x_wconf 85' lang='lat' dir='ltr'>excommunicatos</span> <span class='ocrx_word' id='word_1_148' title='bbox 963 2796 1085 2859; x_wconf 90' lang='lat' dir='ltr'>domini</span> <span class='ocrx_word' id='word_1_149' title='bbox 1094 2798 1261 2889; x_wconf 72' lang='lat' dir='ltr'>cantuari·</span> 
     </span>
     <span class='ocr_line' id='line_1_22' title="bbox 310 2896 1262 2984; baseline -0.004 -18"><span class='ocrx_word' id='word_1_150' title='bbox 310 2902 511 2984; x_wconf 89' lang='lat' dir='ltr'>ensis,qnum</span> <span class='ocrx_word' id='word_1_151' title='bbox 519 2897 583 2979; x_wconf 90' lang='lat' dir='ltr'>ipsi</span> <span class='ocrx_word' id='word_1_152' title='bbox 594 2909 700 2960; x_wconf 91' lang='lat' dir='ltr'>tamen</span> <span class='ocrx_word' id='word_1_153' title='bbox 709 2896 919 2980; x_wconf 72' lang='lat' dir='ltr'>praecipiendi</span> <span class='ocrx_word' id='word_1_154' title='bbox 930 2897 977 2960; x_wconf 91' lang='lat' dir='ltr'>sic</span> <span class='ocrx_word' id='word_1_155' title='bbox 989 2900 1109 2961; x_wconf 91' lang='lat' dir='ltr'>nullam</span> <span class='ocrx_word' id='word_1_156' title='bbox 1121 2898 1262 2962; x_wconf 87' lang='lat' dir='ltr'>habeant</span> 
     </span>
     <span class='ocr_line' id='line_1_23' title="bbox 309 2996 1259 3084; baseline -0.003 -20"><span class='ocrx_word' id='word_1_157' title='bbox 309 2996 1259 3084; x_wconf 84' lang='lat' dir='ltr'>potestatem‚sedinhibitisintlitterisapostolicisAngliam</span> 
     </span>
     <span class='ocr_line' id='line_1_24' title="bbox 307 3097 1261 3181; baseline -0.001 -19"><span class='ocrx_word' id='word_1_158' title='bbox 307 3098 443 3181; x_wconf 82' lang='lat' dir='ltr'>ingredi,</span> <span class='ocrx_word' id='word_1_159' title='bbox 467 3099 514 3161; x_wconf 90' lang='lat' dir='ltr'>vcl</span> <span class='ocrx_word' id='word_1_160' title='bbox 542 3119 576 3159; x_wconf 89' lang='lat' dir='ltr'>se</span> <span class='ocrx_word' id='word_1_161' title='bbox 602 3097 642 3160; x_wconf 92' lang='lat' dir='ltr'>de</span> <span class='ocrx_word' id='word_1_162' title='bbox 668 3098 757 3179; x_wconf 88' lang='lat' dir='ltr'>regni</span> <span class='ocrx_word' id='word_1_163' title='bbox 787 3097 925 3180; x_wconf 86' lang='lat' dir='ltr'>negotiis</span> <span class='ocrx_word' id='word_1_164' title='bbox 952 3098 1172 3175; x_wconf 87' lang='lat' dir='ltr'>intromittere,</span> <span class='ocrx_word' id='word_1_165' title='bbox 1198 3100 1261 3163; x_wconf 89' lang='lat' dir='ltr'>nisi</span> 
     </span>
     <span class='ocr_line' id='line_1_25' title="bbox 305 3198 1261 3286; baseline 0.001 -23"><span class='ocrx_word' id='word_1_166' title='bbox 305 3201 394 3286; x_wconf 89' lang='lat' dir='ltr'>prius</span> <span class='ocrx_word' id='word_1_167' title='bbox 408 3198 648 3281; x_wconf 87' lang='lat' dir='ltr'>archiepiscopo</span> <span class='ocrx_word' id='word_1_168' title='bbox 664 3220 728 3282; x_wconf 83' lang='lat' dir='ltr'>pax</span> <span class='ocrx_word' id='word_1_169' title='bbox 743 3199 926 3282; x_wconf 83' lang='lat' dir='ltr'>plenissime</span> <span class='ocrx_word' id='word_1_170' title='bbox 946 3200 1142 3264; x_wconf 86' lang='lat' dir='ltr'>reformetur.</span> <span class='ocrx_word' id='word_1_171' title='bbox 1187 3202 1261 3265; x_wconf 87' lang='lat' dir='ltr'>Alia</span> 
     </span>
     <span class='ocr_line' id='line_1_26' title="bbox 306 3298 1258 3390; baseline 0.003 -26"><span class='ocrx_word' id='word_1_172' title='bbox 306 3319 434 3390; x_wconf 90' lang='lat' dir='ltr'>quoque</span> <span class='ocrx_word' id='word_1_173' title='bbox 461 3298 675 3381; x_wconf 85' lang='lat' dir='ltr'>praeceptione</span> <span class='ocrx_word' id='word_1_174' title='bbox 699 3299 782 3382; x_wconf 84' lang='lat' dir='ltr'>jussi</span> <span class='ocrx_word' id='word_1_175' title='bbox 809 3311 884 3362; x_wconf 91' lang='lat' dir='ltr'>sunt</span> <span class='ocrx_word' id='word_1_176' title='bbox 908 3314 1101 3365; x_wconf 88' lang='lat' dir='ltr'>memoratos</span> <span class='ocrx_word' id='word_1_177' title='bbox 1128 3324 1258 3367; x_wconf 86' lang='lat' dir='ltr'>excom-</span> 
     </span>
     <span class='ocr_line' id='line_1_27' title="bbox 306 3397 1256 3487; baseline 0 -21"><span class='ocrx_word' id='word_1_178' title='bbox 306 3402 486 3466; x_wconf 89' lang='lat' dir='ltr'>municatos</span> <span class='ocrx_word' id='word_1_179' title='bbox 516 3399 585 3461; x_wconf 91' lang='lat' dir='ltr'>sine</span> <span class='ocrx_word' id='word_1_180' title='bbox 623 3397 787 3477; x_wconf 86' lang='lat' dir='ltr'>dilatione,</span> <span class='ocrx_word' id='word_1_181' title='bbox 818 3403 904 3464; x_wconf 89' lang='lat' dir='ltr'>omni</span> <span class='ocrx_word' id='word_1_182' title='bbox 935 3404 1148 3487; x_wconf 87' lang='lat' dir='ltr'>appellatione</span> <span class='ocrx_word' id='word_1_183' title='bbox 1189 3424 1256 3466; x_wconf 86' lang='lat' dir='ltr'>ces·</span> 
     </span>
     <span class='ocr_line' id='line_1_28' title="bbox 302 3499 1257 3592; baseline -0.003 -23"><span class='ocrx_word' id='word_1_184' title='bbox 302 3514 403 3581; x_wconf 84' lang='lat' dir='ltr'>sante,</span> <span class='ocrx_word' id='word_1_185' title='bbox 432 3519 586 3584; x_wconf 86' lang='lat' dir='ltr'>reponere</span> <span class='ocrx_word' id='word_1_186' title='bbox 615 3499 649 3561; x_wconf 92' lang='lat' dir='ltr'>in</span> <span class='ocrx_word' id='word_1_187' title='bbox 680 3502 871 3566; x_wconf 88' lang='lat' dir='ltr'>sententiam</span> <span class='ocrx_word' id='word_1_188' title='bbox 900 3503 1257 3592; x_wconf 87' lang='lat' dir='ltr'>excommunicationis,</span> 
     </span>
     <span class='ocr_line' id='line_1_29' title="bbox 302 3600 1258 3688; baseline -0.006 -16"><span class='ocrx_word' id='word_1_189' title='bbox 302 3608 364 3672; x_wconf 88' lang='lat' dir='ltr'>nisi</span> <span class='ocrx_word' id='word_1_190' title='bbox 380 3600 606 3670; x_wconf 80' lang='lat' dir='ltr'>satisfecerint:</span> <span class='ocrx_word' id='word_1_191' title='bbox 637 3612 732 3684; x_wconf 93' lang='lat' dir='ltr'>prout</span> <span class='ocrx_word' id='word_1_192' title='bbox 747 3603 852 3667; x_wconf 80' lang='lat' dir='ltr'>ridere</span> <span class='ocrx_word' id='word_1_193' title='bbox 874 3618 967 3688; x_wconf 89' lang='lat' dir='ltr'>potes</span> <span class='ocrx_word' id='word_1_194' title='bbox 984 3626 1026 3668; x_wconf 86' lang='lat' dir='ltr'>ex</span> <span class='ocrx_word' id='word_1_195' title='bbox 1039 3603 1153 3667; x_wconf 88' lang='lat' dir='ltr'>litteris</span> <span class='ocrx_word' id='word_1_196' title='bbox 1179 3625 1258 3686; x_wconf 88' lang='lat' dir='ltr'>qna-</span> 
     </span>
     <span class='ocr_line' id='line_1_30' title="bbox 302 3704 1257 3787; baseline -0.006 -14"><span class='ocrx_word' id='word_1_197' title='bbox 302 3731 371 3773; x_wconf 92' lang='lat' dir='ltr'>rum</span> <span class='ocrx_word' id='word_1_198' title='bbox 388 3708 446 3769; x_wconf 88' lang='lat' dir='ltr'>tibi</span> <span class='ocrx_word' id='word_1_199' title='bbox 471 3705 562 3768; x_wconf 88' lang='lat' dir='ltr'>mitto</span> <span class='ocrx_word' id='word_1_200' title='bbox 585 3704 785 3787; x_wconf 87' lang='lat' dir='ltr'>rescriptum.</span> <span class='ocrx_word' id='word_1_201' title='bbox 830 3706 1101 3769; x_wconf 85' lang='lat' dir='ltr'>Archidiaconum</span> <span class='ocrx_word' id='word_1_202' title='bbox 1126 3725 1257 3787; x_wconf 88' lang='lat' dir='ltr'>quoque</span> 
     </span>
     <span class='ocr_line' id='line_1_31' title="bbox 303 3804 1257 3892; baseline -0.003 -21"><span class='ocrx_word' id='word_1_203' title='bbox 303 3808 537 3892; x_wconf 79' lang='lat' dir='ltr'>Pictaviensem</span> <span class='ocrx_word' id='word_1_204' title='bbox 561 3804 731 3868; x_wconf 87' lang='lat' dir='ltr'>cardinalis</span> <span class='ocrx_word' id='word_1_205' title='bbox 751 3806 861 3889; x_wconf 85' lang='lat' dir='ltr'>Papiae</span> <span class='ocrx_word' id='word_1_206' title='bbox 887 3826 990 3888; x_wconf 90' lang='lat' dir='ltr'>nuper</span> <span class='ocrx_word' id='word_1_207' title='bbox 1013 3805 1158 3868; x_wconf 80' lang='lat' dir='ltr'>absolsit.</span> <span class='ocrx_word' id='word_1_208' title='bbox 1202 3807 1257 3868; x_wconf 89' lang='lat' dir='ltr'>Ex</span> 
     </span>
     <span class='ocr_line' id='line_1_32' title="bbox 302 3906 1256 3998; baseline -0.006 -23"><span class='ocrx_word' id='word_1_209' title='bbox 302 3934 367 3998; x_wconf 92' lang='lat' dir='ltr'>quo</span> <span class='ocrx_word' id='word_1_210' title='bbox 383 3918 472 3992; x_wconf 91' lang='lat' dir='ltr'>patet</span> <span class='ocrx_word' id='word_1_211' title='bbox 487 3928 582 3989; x_wconf 88' lang='lat' dir='ltr'>quam</span> <span class='ocrx_word' id='word_1_212' title='bbox 600 3908 689 3969; x_wconf 88' lang='lat' dir='ltr'>nulla</span> <span class='ocrx_word' id='word_1_213' title='bbox 706 3908 800 3971; x_wconf 89' lang='lat' dir='ltr'>fuerit</span> <span class='ocrx_word' id='word_1_214' title='bbox 815 3929 834 3971; x_wconf 91' lang='lat' dir='ltr'>a</span> <span class='ocrx_word' id='word_1_215' title='bbox 854 3906 1010 3971; x_wconf 87' lang='lat' dir='ltr'>Gualensi</span> <span class='ocrx_word' id='word_1_216' title='bbox 1032 3906 1186 3989; x_wconf 89' lang='lat' dir='ltr'>episcopo</span> <span class='ocrx_word' id='word_1_217' title='bbox 1211 3908 1256 3970; x_wconf 92' lang='lat' dir='ltr'>eis</span> 
     </span>
     <span class='ocr_line' id='line_1_33' title="bbox 304 4006 1257 4092; baseline -0.007 -13"><span class='ocrx_word' id='word_1_218' title='bbox 304 4016 422 4079; x_wconf 87' lang='lat' dir='ltr'>collata</span> <span class='ocrx_word' id='word_1_219' title='bbox 443 4009 611 4085; x_wconf 90' lang='lat' dir='ltr'>absolutio,</span> <span class='ocrx_word' id='word_1_220' title='bbox 633 4020 664 4073; x_wconf 89' lang='lat' dir='ltr'>et</span> <span class='ocrx_word' id='word_1_221' title='bbox 687 4031 784 4092; x_wconf 90' lang='lat' dir='ltr'>quam</span> <span class='ocrx_word' id='word_1_222' title='bbox 806 4007 983 4091; x_wconf 89' lang='lat' dir='ltr'>periculose</span> <span class='ocrx_word' id='word_1_223' title='bbox 1006 4006 1048 4069; x_wconf 84' lang='lat' dir='ltr'>sit</span> <span class='ocrx_word' id='word_1_224' title='bbox 1069 4008 1116 4070; x_wconf 91' lang='lat' dir='ltr'>eis</span> <span class='ocrx_word' id='word_1_225' title='bbox 1136 4009 1257 4073; x_wconf 86' lang='lat' dir='ltr'>exinde</span> 
     </span>
     <span class='ocr_line' id='line_1_34' title="bbox 303 4105 1255 4190; baseline -0.009 -10"><span class='ocrx_word' id='word_1_226' title='bbox 303 4111 581 4180; x_wconf 88' lang='lat' dir='ltr'>communicatum.</span> <span class='ocrx_word' id='word_1_227' title='bbox 627 4109 661 4173; x_wconf 82' lang='lat' dir='ltr'>si</span> <span class='ocrx_word' id='word_1_228' title='bbox 679 4130 754 4190; x_wconf 85' lang='lat' dir='ltr'>ergo</span> <span class='ocrx_word' id='word_1_229' title='bbox 768 4108 841 4171; x_wconf 90' lang='lat' dir='ltr'>illos</span> <span class='ocrx_word' id='word_1_230' title='bbox 856 4105 1026 4170; x_wconf 83' lang='lat' dir='ltr'>absolverit</span> <span class='ocrx_word' id='word_1_231' title='bbox 1046 4108 1255 4185; x_wconf 76' lang='lat' dir='ltr'>ExouiensiS,</span> 
     </span>
     <span class='ocr_line' id='line_1_35' title="bbox 304 4207 1258 4298; baseline -0.002 -20"><span class='ocrx_word' id='word_1_232' title='bbox 304 4237 403 4298; x_wconf 90' lang='lat' dir='ltr'>quum</span> <span class='ocrx_word' id='word_1_233' title='bbox 426 4211 585 4294; x_wconf 90' lang='lat' dir='ltr'>liquidum</span> <span class='ocrx_word' id='word_1_234' title='bbox 609 4210 650 4273; x_wconf 91' lang='lat' dir='ltr'>sit</span> <span class='ocrx_word' id='word_1_235' title='bbox 675 4232 731 4273; x_wconf 90' lang='lat' dir='ltr'>eos</span> <span class='ocrx_word' id='word_1_236' title='bbox 754 4207 994 4291; x_wconf 87' lang='lat' dir='ltr'>impoeuitcntes</span> <span class='ocrx_word' id='word_1_237' title='bbox 1018 4230 1099 4287; x_wconf 91' lang='lat' dir='ltr'>esse,</span> <span class='ocrx_word' id='word_1_238' title='bbox 1115 4211 1258 4276; x_wconf 86' lang='lat' dir='ltr'>offendet</span> 
     </span>
     <span class='ocr_line' id='line_1_36' title="bbox 305 4309 1255 4396; baseline -0.003 -18"><span class='ocrx_word' id='word_1_239' title='bbox 305 4318 407 4396; x_wconf 89' lang='lat' dir='ltr'>primo</span> <span class='ocrx_word' id='word_1_240' title='bbox 423 4315 457 4376; x_wconf 93' lang='lat' dir='ltr'>in</span> <span class='ocrx_word' id='word_1_241' title='bbox 474 4313 591 4391; x_wconf 87' lang='lat' dir='ltr'>Deum,</span> <span class='ocrx_word' id='word_1_242' title='bbox 608 4311 723 4375; x_wconf 89' lang='lat' dir='ltr'>deiude</span> <span class='ocrx_word' id='word_1_243' title='bbox 740 4309 1018 4394; x_wconf 88' lang='lat' dir='ltr'>archiepiscopum</span> <span class='ocrx_word' id='word_1_244' title='bbox 1039 4314 1177 4393; x_wconf 81' lang='lat' dir='ltr'>graviter</span> <span class='ocrx_word' id='word_1_245' title='bbox 1199 4335 1255 4376; x_wconf 88' lang='lat' dir='ltr'>ex-</span> 
     </span>
    </p>
   </div>
   <div class='ocr_carea' id='block_1_3' title="bbox 0 0 1522 5200">
    <p class='ocr_par' dir='ltr' id='par_1_3' title="bbox 0 0 1522 5200">
     <span class='ocr_line' id='line_1_37' title="bbox 0 0 1522 5200; baseline 0 2"><span class='ocrx_word' id='word_1_246' title='bbox 0 0 1522 5200; x_wconf 95' lang='lat' dir='ltr'> </span> 
     </span>
    </p>
   </div>
  </div>
 </body>
</html>
