3034 5200
302 699 361 757 164
574 709 709 753 Joauurs
725 707 1003 752 saansnnnrnusrs
1153 690 1198 764 [A.
1218 708 1248 751 n.

299 859 507 947 tingentibus,
528 872 685 943 quatenus
705 879 810 921 causae
828 880 930 942 genus
947 855 1148 933 admittebat,
1169 856 1250 920 nihil

300 962 458 1025 omittens.
504 959 567 1025 Sed
591 973 694 1024 vester
716 957 770 1021 ille
793 959 973 1036 ManeriuS,
996 958 1047 1022 cui
1071 957 1153 1021 sorte
1175 958 1250 1021 inde

297 1085 473 1145 congruum
497 1083 622 1139 nomen,
646 1059 733 1147 quod
756 1082 846 1124 mane
869 1082 963 1124 ruens
978 1059 1010 1121 in
1033 1058 1248 1145 praecipitium

298 1163 411 1240 tendit,
434 1163 544 1226 datum
568 1172 627 1236 est,
650 1183 707 1223 nec
729 1160 817 1244 apud
833 1182 900 1236 nos,
923 1182 981 1222 nec
1004 1157 1090 1243 apud
1107 1171 1250 1244 posteros

299 1263 468 1327 habebitur
483 1274 664 1336 excusatus,
681 1261 737 1346 qui
754 1260 853 1344 sylvis
867 1273 898 1323 et
915 1260 1050 1324 saltibus
1062 1261 1249 1344 peragratis

298 1386 422 1428 summo
450 1385 583 1447 surgens
605 1360 748 1425 diluculo
773 1360 940 1425 curialium
964 1361 1136 1425 venaticam
1159 1385 1250 1425 exer·

298 1467 365 1531 cuit
385 1465 417 1528 in
433 1479 556 1551 patrem
571 1476 603 1527 et
619 1464 783 1527 dominum
799 1462 1009 1538 innocentem,
1025 1485 1126 1548 quum
1143 1478 1248 1528 tamen

298 1568 380 1655 pelle
395 1568 522 1632 cervina
541 1565 682 1629 nondum
698 1577 779 1629 esset
793 1564 937 1646 indutus,
952 1588 1010 1628 nec
1029 1566 1193 1651 expositus
1209 1565 1250 1628 ad

298 1669 439 1755 praedam
471 1668 580 1731 divino
603 1679 694 1730 nutu.
744 1669 783 1729 In
808 1688 840 1729 se
863 1670 1024 1752 poeticum
1051 1667 1250 1732 scommatice

300 1783 423 1857 poterat
439 1782 631 1854 retorquere.

422 1921 534 1972 Actaeon
545 1935 594 1986 ego
606 1935 679 1970 sum:
699 1918 830 1970 dominum
842 1920 990 1986 cognoscite
1001 1925 1122 1971 vestrum.

300 2055 1247 2141 Etinvenatoreshujusmodievangelicamloedoriamquam

298 2161 333 2224 in
347 2159 477 2226 Judaeos
499 2159 649 2224 Christus
664 2157 800 2222 intorsit.
844 2159 952 2224 Multa
966 2160 1045 2222 bono
1067 2179 1163 2240 opera
1177 2179 1251 2240 ope-

298 2272 393 2326 ratua
413 2283 483 2325 sam
498 2261 582 2324 cobis
596 2280 617 2321 a
632 2262 734 2324 Patre
749 2265 818 2324 Deo
826 2269 960 2343 propter
973 2262 1057 2343 quod
1071 2262 1186 2323 horum
1202 2283 1251 2325 mc

298 2363 397 2429 vultis
418 2363 583 2426 occidere?
604 2360 662 2425 llle
685 2374 789 2425 tamen
813 2347 909 2427 habet
925 2362 1085 2426 ecclesiam
1103 2384 1193 2425 suam
1216 2374 1248 2426 et

299 2465 429 2531 habebit
445 2464 559 2529 amodo
578 2477 771 2542 excusatam,
788 2465 812 2529 si
830 2478 935 2531 tamen
955 2466 1001 2531 rei
1016 2466 1122 2530 exitus
1137 2465 1246 2551 scripti

297 2568 345 2635 tui
361 2569 456 2633 fidem
471 2565 731 2632 corroboraverit.
777 2571 861 2633 Nam
882 2568 978 2633 arbor
992 2567 1193 2653 cognoscitur
1207 2591 1247 2632 ex

297 2671 405 2738 fructu
437 2694 504 2748 suo,
539 2686 572 2734 et
601 2692 698 2755 opera
727 2668 925 2754 singulorum
959 2675 1003 2736 eis
1033 2671 1248 2736 testimonium

298 2774 436 2839 reddunt
467 2773 571 2859 majus
596 2771 727 2837 Joanne.
775 2773 857 2836 Sunt
884 2785 989 2837 tamen
1018 2773 1178 2837 intervos
1204 2785 1251 2837 te·

298 2888 408 2940 nentes
429 2874 606 2938 doctrinam
630 2871 773 2951 Balaam,
796 2874 1141 2937 excommunicatorum
1166 2896 1250 2937 com·

298 2977 407 3062 plices,
423 2988 454 3039 et
470 2987 615 3039 auctores
627 2972 752 3048 erroris,
765 2992 901 3057 quorum
919 2976 1043 3053 merito,
1056 2975 1143 3061 quod
1161 2976 1250 3039 Deus

296 3090 430 3153 avertat,
444 3075 618 3140 timendum
628 3086 686 3153 est,
697 3097 735 3138 ne
748 3086 816 3139 tota
827 3075 957 3141 ecclesia
969 3075 1069 3140 labem
1086 3076 1252 3142 contrahat

298 3191 330 3243 et
350 3178 505 3244 maculam
527 3179 630 3243 lamae.
690 3182 764 3243 Non
783 3178 877 3254 enim,
901 3193 935 3244 ut
956 3178 1051 3257 nosti,
1071 3180 1183 3243 dicunt
1203 3179 1250 3243 in·

300 3279 476 3354 sidiatores,
493 3280 598 3342 “Hoc
612 3279 688 3343 fecit
701 3278 753 3342 ille
771 3279 818 3342 vel
829 3279 916 3356 ille,''
931 3280 984 3343 sed
1004 3286 1024 3320 “
1039 3281 1112 3343 Hoc
1127 3281 1249 3345 faciunt

297 3378 442 3443 monachi
467 3381 616 3443 Cantuar.
640 3392 696 3443 aut
719 3380 921 3446 monachus.”
968 3380 1124 3457 Qualibus
1137 3379 1248 3443 fabula

299 3494 346 3546 est
361 3480 492 3545 nuncin
507 3480 652 3565 partibus
672 3480 848 3546 cismarinis
862 3481 903 3544 de
922 3479 1077 3564 praedicto
1092 3478 1249 3556 ManeriO,

296 3585 390 3670 cujus
418 3604 531 3647 nomen
560 3581 682 3646 celebre
712 3597 759 3647 est
789 3604 829 3645 ex
851 3602 946 3644 causa
974 3579 1127 3656 criminis,
1157 3578 1245 3664 quod

299 3686 417 3750 virtute
448 3707 509 3749 non
539 3697 687 3769 potuerat
718 3681 912 3768 promereri?
936 3680 1031 3756 Quod
1061 3681 1087 3747 si
1109 3681 1138 3746 ei
1168 3681 1250 3745 falso

299 3785 484 3870 imponitur,
510 3808 572 3849 non
601 3808 662 3862 mc,
686 3786 740 3849 sed
767 3785 940 3850 cardinales
965 3796 1102 3861 accuset,
1125 3785 1182 3869 qui
1207 3782 1248 3846 de

300 3886 400 3971 ipsius
415 3885 629 3970 appellatione
645 3885 849 3970 scripserunt.
894 3887 1018 3952 Valete·
