3034 5200
312 691 419 769 ΗΠ]
708 707 886 751 mussona.
1200 695 1260 753 971

295 859 342 921 in
358 859 454 922 domo
464 858 520 922 illa
534 862 694 922 floruerat.
734 857 852 922 Cultus
867 855 1040 942 religionis,
1051 869 1209 942 quantum
1225 859 1266 921 ad

311 964 415 1047 ipsum
433 974 464 1024 et
480 959 650 1024 familiares
665 983 749 1039 suos,
761 959 839 1024 abiit
852 959 883 1022 in
896 959 1131 1022 exterminium.
1169 960 1268 1035 Quasi

311 1074 441 1127 stratam
465 1062 623 1148 publicam
647 1059 889 1125 adolescentulis
909 1072 940 1123 et
961 1060 1170 1124 servientibus
1191 1061 1266 1135 suia,
1349 1134 1352 1141 Ι

309 1188 390 1250 quos
412 1186 483 1249 suo,
504 1164 538 1227 id
561 1179 621 1243 est,
644 1162 775 1227 militari
798 1162 894 1226 modo
916 1166 1129 1246 congesserat,
1148 1161 1267 1227 fecerat
1327 1168 1336 1183 ''

307 1268 493 1345 claustrum,
505 1266 687 1331 dolentibus
700 1284 731 1330 et
746 1264 992 1329 reclamantibus
1003 1262 1053 1327 his
1067 1261 1126 1348 qui
1141 1262 1267 1347 religio-

308 1371 371 1432 sius
397 1369 526 1431 fuerant
552 1367 705 1431 instituti.
751 1369 816 1429 Pro
844 1364 1071 1429 monachandis
1100 1365 1266 1449 pecuniam

311 1469 416 1554 palam
441 1469 625 1555 recipiebat,
647 1491 705 1532 nec
729 1468 867 1552 aliquem
890 1466 1081 1530 admittebat
1103 1466 1134 1528 in
1160 1488 1268 1528 mona·

311 1568 407 1630 chum
419 1568 496 1655 nisi,
511 1568 623 1631 vestris
639 1581 832 1653 patrumque
848 1565 981 1630 decretis
996 1565 1123 1629 omniuo
1137 1587 1269 1650 pessun-

316 1668 411 1746 datis,
428 1692 539 1732 mauus
555 1671 623 1755 ejus
639 1673 727 1756 prius
743 1668 890 1732 sordibus
905 1667 1102 1753 adimpleret.
1139 1667 1190 1732 Ab
1205 1689 1270 1730 uno

314 1770 426 1833 talium
449 1772 506 1834 lxx
527 1794 647 1834 marcas
669 1770 802 1855 accepit,
829 1769 916 1855 quod
939 1769 1048 1853 negari
1074 1791 1136 1832 non
1151 1777 1268 1852 potest,

312 1892 393 1955 quas
408 1871 603 1957 consumpsit
624 1874 796 1946 enormius,
812 1892 908 1955 quam
925 1892 1009 1933 nunc
1030 1868 1093 1932 dici
1109 1867 1268 1955 expediat.

312 1970 392 2046 Quae
408 1970 446 2034 ad
463 1971 615 2035 fabricam
632 1970 770 2035 ecclesiae
785 1981 817 2033 et
836 1981 1005 2034 sartatecta
1020 1969 1053 2032 in
1068 1969 1182 2033 diebus
1197 1971 1268 2052 eius

311 2095 330 2134 a
345 2072 493 2136 fidelibus
513 2072 628 2136 collata
650 2085 736 2147 sunt,
761 2071 933 2151 maximam
959 2070 1087 2155 quidem
1111 2093 1268 2134 summam

310 2173 442 2252 faciunt,
458 2174 511 2238 sed
528 2196 596 2237 eam
612 2173 750 2238 ecclesiae
767 2173 952 2237 necessitate
973 2185 1165 2259 contempta,
1181 2172 1269 2258 peni·

313 2288 365 2339 tus
387 2276 530 2360 erogavit
552 2276 585 2340 in
609 2299 724 2362 pravos
747 2258 1004 2354 usus,'honestas
1025 2274 1270 2339 consuetudines

312 2379 424 2444 domus
440 2379 647 2463 probabiliter
662 2403 681 2442 a
696 2379 843 2464 patribus
854 2378 1016 2442 institutas
1031 2391 1063 2443 et
1078 2379 1271 2459 observatas,

311 2503 350 2544 ex
366 2481 507 2543 maxima
519 2492 610 2565 purte
622 2503 679 2566 per
694 2503 768 2544 eum
780 2479 915 2544 abolitas
925 2503 992 2543 esse
1004 2480 1169 2565 conquesti
1185 2492 1271 2558 sunt,

313 2603 370 2644 nec
389 2579 452 2644 fuit
475 2578 531 2666 qui
554 2592 659 2664 posset
681 2579 825 2643 inficiari.
869 2583 1011 2664 Magnus
1031 2592 1064 2645 et
1082 2581 1270 2645 venerabilis

313 2696 488 2748 conventus
518 2684 743 2746 monachorum
779 2684 951 2747 enormiter
986 2683 1174 2748 imminutus
1209 2697 1267 2749 est.

315 2785 436 2849 Vestrae
457 2787 634 2849 sanctitatis
656 2808 749 2848 aures
765 2807 909 2849 veremur
931 2785 1103 2863 offendere,
1117 2785 1144 2848 si
1166 2784 1206 2849 de
1221 2786 1269 2848 in·

318 2887 512 2951 continentia
523 2889 593 2973 ejus
606 2887 819 2962 retulerimus,
832 2887 920 2972 quod
934 2894 986 2969 (ut
994 2888 1057 2952 dici
1069 2887 1163 2970 solet)
1176 2887 1272 2974 lippis

276 3014 284 3033 ⁹
316 3000 347 3051 et
364 2988 543 3052 tonsoribus
559 3000 669 3051 notum
685 3000 754 3052 est:
787 2987 841 3051 sed
863 3002 1161 3074 quantumcumque
1183 3012 1271 3053 vere·

315 3090 431 3152 cundia
454 3088 585 3172 pudoris
608 3089 753 3170 obsistat,
777 3089 874 3176 silere
892 3104 995 3154 tamen
1017 3114 1080 3154 non
1102 3114 1271 3177 possumus

318 3212 393 3275 quae
409 3191 504 3255 tacita
519 3192 690 3277 perniciem
707 3193 799 3257 bonis
814 3196 956 3272 moribus
967 3198 1122 3278 ingerent,
1138 3208 1169 3258 et
1185 3217 1271 3258 scan-

315 3291 424 3356 dalum
452 3293 606 3377 religioni,
629 3307 661 3358 et
685 3295 869 3379 apostolicae
895 3295 962 3359 sedi
987 3295 1207 3382 opprobrium,
1229 3296 1270 3361 ad

316 3418 411 3480 quam
429 3395 544 3459 domus
558 3398 620 3460 ista
635 3396 813 3480 specialiter
828 3397 948 3462 dicitur
963 3398 1131 3484 pertinere.
1162 3398 1271 3462 Pollu-

317 3510 412 3560 entur
431 3497 563 3561 fortasse
586 3497 670 3563 labia
685 3494 795 3563 nostra
818 3498 1018 3583 proferendo,
1034 3498 1112 3582 quia
1130 3499 1162 3562 in
1178 3499 1271 3563 nimis

315 3598 439 3683 polluta
454 3613 621 3664 versantur
636 3601 787 3664 materia:
820 3600 874 3664 sed
897 3624 934 3663 ea
951 3604 1020 3663 Deo
1035 3600 1174 3684 propitio
1194 3622 1271 3685 pur-

315 3703 406 3784 gabit
427 3700 569 3767 calculus
589 3726 685 3788 quem
703 3704 794 3767 vobis
815 3702 920 3768 mittet
936 3699 1089 3783 Seraphin
1113 3700 1154 3763 de
1168 3701 1272 3779 altari,

317 3804 491 3888 praesertim
517 3827 616 3888 quum
641 3826 702 3867 non
726 3807 767 3869 sit
791 3805 858 3868 haec
884 3815 1004 3878 nostra,
1027 3800 1082 3865 sed
1107 3801 1272 3888 popularia

318 3905 458 3983 assertio,
470 3905 521 3968 cui
538 3929 599 3969 non
615 3907 713 3970 audet
725 3906 841 3993 aliquis
852 3904 1015 3989 refragari,
1028 3904 1088 3967 nisi
1103 3905 1272 3969 mendosus

315 4016 347 4068 et
361 4005 497 4068 mendax
513 4004 599 4092 apud
613 4017 769 4070 nostrates
784 4006 893 4077 haberi
908 4028 971 4073 non
989 4004 1146 4068 formidet.
1178 4003 1271 4067 Elec·

316 4117 369 4169 tus
380 4104 432 4167 ille
449 4123 505 4169 aut
515 4107 622 4192 potius
634 4130 737 4193 equus
748 4108 938 4184 emissarius,
950 4106 1035 4192 jugi,
1047 4105 1135 4189 quod
1149 4106 1271 4170 Leviti-

317 4229 373 4269 cus
395 4207 536 4284 damnat,
556 4207 629 4272 fluit
648 4210 776 4287 semine,
799 4222 830 4273 et
853 4209 955 4272 hinnit
978 4209 1011 4271 in
1033 4207 1177 4285 feminaS,
1192 4205 1272 4269 adeo

319 4307 489 4394 impudens
505 4321 541 4373 ut
556 4308 732 4387 libidinem,
745 4311 805 4375 nisi
821 4333 915 4397 quam
930 4307 1151 4394 publicaverit,
1162 4306 1272 4392 volup-
