3034 5200
288 744 398 826 litu]
670 758 848 804 aprsronm.
1176 743 1239 800 243
1312 741 1316 751 '

282 914 393 979 solatio
407 914 440 978 in
457 911 570 977 itinere
586 906 753 974 frueretur.
802 903 913 970 Paruit
928 905 1191 991 archiepiscopus,
1204 917 1237 968 et

280 1017 312 1080 in
339 1016 502 1082 redeundo
528 1012 718 1078 aemulorum
747 1033 805 1097 per
834 1009 952 1074 amicos
978 1008 1235 1072 machinamenta

281 1119 438 1204 cognovit,
454 1116 510 1206 qui
524 1119 594 1202 jam
617 1115 658 1181 ad
678 1135 772 1179 mane
793 1112 927 1198 profecti
942 1124 1073 1176 venturu
1094 1131 1238 1173 commo·

279 1218 356 1282 dum
391 1217 616 1303 expectabant,
650 1215 886 1300 archiepiscopo
922 1226 1028 1278 nostro
1061 1212 1094 1275 in
1129 1211 1235 1275 littore

279 1323 423 1408 opposito
438 1320 584 1384 similiter
599 1331 801 1404 expectante.
846 1319 913 1382 Ubi
929 1340 1029 1404 quum
1044 1317 1085 1381 de
1101 1315 1236 1380 transitu

280 1444 391 1486 eorum
404 1433 436 1485 et
448 1419 735 1485 machinationibus
746 1419 860 1484 certior
868 1421 969 1496 fieret,
982 1430 1113 1483 conatus
1125 1439 1235 1481 eorum

282 1523 332 1588 via
348 1547 412 1610 qua
426 1525 530 1609 potuit
544 1523 637 1601 elisit,
649 1524 779 1588 mittens
793 1524 1030 1610 archiepiscopo
1043 1523 1236 1586 Eboracensi

281 1626 403 1690 litteras
418 1626 614 1712 apostolicas,
631 1626 746 1712 quibus
766 1626 834 1712 ipse
857 1639 890 1690 et
912 1625 1139 1690 Dunelmensis
1154 1624 1237 1710 epis-

282 1750 379 1814 copus
394 1740 523 1814 propter
542 1742 725 1814 usurpatam
749 1728 822 1793 novi
841 1729 924 1813 regis
942 1729 1179 1793 coronationem
1195 1726 1236 1789 ab

284 1832 454 1918 episcopali
481 1831 582 1896 officio
608 1831 853 1916 suspenduntur.
899 1830 988 1894 Alias
1013 1851 1140 1916 quoque
1165 1851 1237 1914 por·

284 1937 364 2000 rexit
379 1936 513 2000 nuncius
532 1934 677 1999 London.
694 1947 727 1999 et
750 1935 875 1999 Saresb.
892 1933 1056 2019 episcopis,
1072 1934 1188 2020 quibus
1204 1932 1236 1994 in

283 2038 473 2101 sententiam
496 2037 706 2102 anathematis
728 2048 927 2113 revocantur,
949 2046 981 2098 et
1001 2034 1238 2119 suspenduntur

284 2161 393 2204 omnes
408 2139 559 2226 episcopi,
576 2140 631 2226 qui
646 2139 789 2225 praelatae
805 2137 1000 2203 coronationi
1014 2137 1236 2201 interfuerunt.
1292 2199 1293 2202 ,

285 2243 358 2317 Quo
368 2243 461 2320 lacto,
474 2243 651 2328 prosperior
663 2265 740 2306 aura
749 2242 898 2327 spiransa
912 2240 1062 2304 Flandria
1071 2239 1237 2303 dominum

285 2345 554 2430 archiepiscopum
568 2346 599 2407 in
612 2345 763 2428 Angliam
774 2344 857 2408 lelici
868 2343 1068 2426 navigatione
1080 2342 1239 2428 perduxit,

286 2447 533 2533 venientemque
554 2448 595 2510 ad
617 2460 743 2532 portum
768 2446 819 2511 cui
843 2445 1025 2511 Sandvvicus
1046 2468 1163 2509 nornen
1180 2457 1238 2521 est,

286 2549 364 2635 regii
380 2549 531 2614 satellites
552 2562 757 2636 exceperunt,
773 2549 922 2614 custodiis
945 2571 1002 2636 per
1015 2549 1122 2614 littora
1136 2548 1239 2634 dispo-

287 2653 363 2733 sitis
385 2668 419 2718 ut
444 2652 594 2733 creditur,
616 2653 657 2717 ad
680 2654 872 2730 nocendum,
896 2665 929 2716 et
950 2651 1079 2716 armatis
1104 2665 1240 2738 perstre·

288 2756 448 2842 pentibus,
465 2778 544 2842 quos
567 2755 726 2820 antefatus
748 2756 889 2820 ,loannes
910 2756 1081 2821 Oxenefor.
1097 2756 1240 2820 cohibuit

285 2870 318 2923 et
343 2859 497 2945 compulit
523 2882 612 2923 arma
641 2860 812 2945 deponere,
839 2882 903 2923 non
933 2872 1010 2937 tam,
1037 2870 1073 2923 ut
1098 2870 1238 2945 putatur,

284 2962 389 3026 lavore
404 2955 593 3041 nostrorum,
605 2983 701 3047 quam
719 2984 759 3024 ne
774 2962 937 3026 temeritas
947 2984 1057 3026 eorum
1073 2961 1239 3028 dominum

290 3085 397 3147 regern
414 3078 447 3127 et
461 3062 578 3127 liberos
593 3085 664 3127 suos
681 3076 755 3128 nota
771 3064 956 3149 proditionis
970 3064 1121 3131 inureret.
1155 3066 1241 3131 Exe-

286 3177 402 3249 gerunt
424 3176 532 3228 tamen
556 3176 592 3228 ut
614 3166 804 3249 alienigenae
829 3167 980 3252 quicum
1006 3168 1241 3255 archiepiscopo

288 3279 451 3345 venerant,
467 3280 699 3332 sacramentum
721 3279 909 3353 praestarent
926 3270 967 3333 de
989 3272 1142 3336 servanda
1162 3273 1242 3336 fide·

286 3369 375 3434 litate
392 3370 458 3454 regi
474 3380 508 3433 et
522 3391 629 3453 regno
678 3369 746 3432 Nec
759 3372 932 3455 apparebat
947 3372 1114 3459 quisquam
1130 3375 1242 3439 alieni-

252 3478 255 3484 '
287 3495 370 3557 gena
392 3484 509 3558 praeter
536 3473 698 3537 Simonem
728 3474 903 3539 Senonens.
929 3476 1097 3543 archidiac.
1121 3480 1177 3563 qui
1200 3479 1241 3541 ad

287 3578 502 3661 praestandum
526 3577 746 3661 juramentum
774 3577 866 3642 facile
891 3578 1001 3642 fnisset
1029 3579 1189 3656 inductus,
1215 3580 1241 3641 si

287 3678 541 3764 archiepiscopus
571 3678 774 3763 permisisset,
806 3680 871 3765 qui,
899 3678 1037 3764 exempli
1067 3678 1241 3763 perniciem

287 3781 414 3857 veritus,
430 3782 592 3867 respondit
608 3781 699 3845 bonis
713 3782 855 3846 moribus
870 3782 930 3844 hoc
945 3802 1070 3866 prorsus
1085 3804 1152 3846 esse
1169 3804 1243 3846 con-

286 3884 428 3965 trarium,
444 3898 479 3950 ut
494 3884 639 3948 inaudita
656 3884 804 3948 barbarie
820 3885 1089 3970 compellerentur
1104 3886 1243 3972 hospites

287 3997 319 4048 et
348 3988 507 4071 peregrini
534 3989 573 4051 ad
604 3987 787 4072 hujusmodi
812 3989 1014 4073 juramenta:
1050 4001 1084 4054 et
1112 3990 1243 4055 fortasse

288 4090 439 4153 satellites
462 4091 527 4155 vim
554 4104 727 4177 parassent,
753 4092 814 4155 nisi
841 4115 894 4158 eos
921 4094 1166 4180 compescuisset
1192 4104 1244 4157 tu-

289 4190 409 4255 multus
431 4192 590 4277 popularis
612 4206 758 4258 verentes
780 4195 883 4280 plebis
905 4196 1072 4281 impeturn,
1096 4219 1170 4283 quae
1198 4197 1242 4259 sic

289 4293 330 4358 de
347 4304 475 4379 recepto
489 4306 613 4379 pastore
628 4295 735 4380 gavisa
754 4308 812 4373 est,
829 4320 866 4362 ac
887 4298 912 4362 si
935 4299 975 4363 de
999 4299 1080 4364 coelo
1097 4300 1243 4364 Christus

290 4396 373 4462 inter
388 4396 534 4462 homines
548 4397 615 4483 ipse
630 4397 847 4464 descenderet.

738 4511 795 4566 a2
