3034 5200
221 732 224 738 ·
273 715 383 795 llos]
659 729 836 774 nersronn.
1156 719 1219 777 205

270 895 303 948 ct
317 884 371 948 ille
385 880 442 969 qui
457 880 542 945 solus
557 881 588 944 in
606 893 703 946 tantae
712 879 910 944 difficultatis
925 878 1061 944 articulo
1069 878 1220 945 honorem

271 986 334 1048 Dei
350 1005 447 1048 ausus
462 993 511 1045 est
527 980 708 1067 protestari,
723 979 871 1044 omnibus
888 979 921 1042 in
941 978 1079 1044 derisum
1096 993 1127 1044 et
1148 981 1221 1045 sibi-

271 1089 337 1150 lum
350 1086 509 1162 datusest,
519 1097 551 1149 et
563 1086 655 1169 quasi
667 1082 707 1146 ab
715 1082 870 1146 universis
876 1091 1051 1166 consputus
1062 1080 1222 1148 abscessit.

270 1190 385 1252 Nonne
394 1186 434 1250 de
449 1198 565 1251 caetero
578 1184 702 1248 facilem
718 1194 844 1270 poterat
855 1181 1006 1268 iniquitas
1013 1195 1136 1248 armata
1150 1206 1224 1247 con-

272 1285 350 1351 siliis
375 1299 407 1350 et
431 1287 540 1349 lavore
566 1301 691 1370 sperare
715 1282 941 1369 triumphum?
964 1281 1071 1347 Institi
1097 1296 1135 1347 ut
1150 1306 1223 1347 con-

174 1377 177 1383 *
273 1387 418 1451 suluistis
431 1386 518 1472 apud
529 1385 691 1450 dominum
706 1387 894 1450 Remensem
910 1396 947 1447 ut
956 1383 1047 1447 fratri
1058 1384 1224 1449 Bernardo

274 1486 435 1567 scriberet,
451 1487 505 1551 sed
522 1510 584 1550 non
600 1486 775 1573 adquievit,
794 1485 902 1550 dicens
921 1484 1044 1550 litteras
1066 1508 1138 1550 suas
1161 1510 1224 1551 non

275 1588 470 1672 profuturas,
482 1587 558 1673 quia
569 1585 668 1652 credit
679 1610 752 1651 eum
765 1587 872 1649 lavere
880 1585 963 1671 parti
976 1585 1125 1650 adversae.
1147 1589 1225 1650 Fre-

277 1710 379 1774 quens
393 1688 474 1753 enim
491 1702 549 1769 est,
564 1701 600 1753 ut
616 1689 673 1775 qui
688 1687 768 1751 nihil
790 1686 907 1750 babere
921 1686 1147 1772 praedicantur,
1169 1703 1224 1754 aut

275 1811 342 1852 rem
354 1802 409 1853 aut
421 1790 554 1874 gloriam
569 1789 740 1876 plurimum
753 1787 985 1873 concupiscant.
1030 1793 1105 1853 Non
1121 1791 1225 1874 placet

274 1886 578 1956 dominusCantuar.
593 1888 849 1976 meautaliquem
859 1909 989 1954 suornm
1001 1890 1151 1954 interesse
1163 1891 1227 1955 col-

276 1990 384 2077 loquio
395 2005 512 2077 praeter
523 1991 717 2078 Magistrum
731 1990 950 2055 Lombardum
964 1992 1118 2056 Romanae
1130 1993 1227 2056 eccle-

278 2092 333 2158 siae
349 2093 592 2172 subdiaconum,
613 2116 709 2180 quem
729 2092 896 2157 invenietis
914 2092 947 2156 in
968 2092 1088 2156 familia
1107 2093 1227 2157 domini

277 2195 471 2263 Senonensis.
496 2197 561 2260 Vos
572 2210 678 2260 autem
695 2195 770 2261 illuc
781 2195 936 2282 perducat
949 2195 1107 2260 Dominus
1118 2195 1149 2259 in
1163 2198 1228 2282 spi·

275 2296 340 2362 ritu
355 2309 388 2362 et
413 2299 534 2363 virtute
547 2299 663 2378 Heliae,
684 2310 717 2362 et
736 2297 879 2382 gladium
902 2296 1037 2362 Pbinees
1060 2321 1132 2362 cum
1159 2299 1228 2364 zelo

277 2421 373 2484 quem
395 2400 520 2464 habetis
541 2399 658 2482 dirigat
680 2413 712 2464 et
735 2400 862 2464 roboret
883 2400 917 2463 in
939 2399 1085 2465 manibus
1108 2404 1229 2468 vestris.

279 2501 347 2563 Nec
369 2500 506 2564 timeatis
527 2501 641 2565 alacie
661 2500 712 2563 vel
732 2499 940 2565 multitudine
960 2501 1135 2583 bominum,
1152 2504 1229 2588 quia

279 2603 388 2689 plures
417 2615 449 2667 et
478 2604 624 2668 fortiores
649 2600 814 2668 nobiscum
839 2616 912 2669 sunt
937 2626 1034 2690 quam
1060 2629 1131 2671 cnm
1157 2606 1230 2671 illis.

280 2705 397 2770 Scribit
426 2708 591 2771 Remensis
619 2706 875 2794 archiepiscopus
903 2728 963 2791 pro
990 2729 1085 2770 causa
1112 2720 1230 2772 nostra,

280 2807 409 2872 domino
437 2832 540 2896 papae,
569 2811 757 2896 praecipiens
790 2809 911 2875 litteras
948 2831 1023 2874 suas
1052 2809 1094 2875 ad
1124 2833 1230 2874 meum

280 2909 410 2974 formari
432 2911 620 2977 arbitrium:
644 2912 833 2999 promittens
856 2912 951 2977 etiam
981 2934 1013 2975 se
1038 2912 1231 2977 necessitati-

281 3011 342 3075 bus
353 3016 468 3076 nostris
484 3014 637 3098 quamdiu
650 3036 702 3079 res
716 3013 858 3098 exegerit
871 3018 1058 3079 affuturum.
1089 3013 1232 3079 Viriliter

281 3113 367 3197 agite
383 3136 502 3199 quaeso,
527 3115 722 3179 dilectissimi
745 3115 876 3188 domini,
907 3128 940 3181 et
965 3116 1125 3181 dilationis
1150 3117 1232 3204 peri-

286 3215 395 3279 culum
419 3214 862 3301 exequutionis·officiositate
891 3228 923 3281 et
953 3217 1120 3301 diligentia
1148 3242 1231 3283 com-

284 3328 424 3402 pensate,
450 3328 487 3379 ut
516 3338 573 3402 per
607 3337 663 3379 vos
692 3316 865 3408 innotescat
900 3317 1050 3404 quoniam
1081 3320 1233 3406 quicquid

285 3418 371 3483 ultra
394 3418 481 3503 quod
502 3418 632 3499 obtulit,
654 3442 673 3482 a
696 3420 847 3484 Cantuar.
871 3420 1024 3505 exigitur,
1053 3443 1116 3485 non
1140 3422 1235 3488 modo

285 3522 452 3608 potestatis
466 3543 612 3587 excessus
621 3534 680 3599 est,
696 3521 749 3585 sed
763 3522 865 3607 plenae
880 3536 912 3587 et
922 3522 1027 3608 planae
1038 3522 1235 3589 infidelitatis

284 3624 448 3689 indicium.
494 3622 591 3687 Unde
613 3636 694 3717 suntx
710 3623 855 3708 quidam,
876 3636 913 3687 ut
936 3622 1034 3698 scitis,
1049 3622 1082 3684 in
1104 3644 1235 3687 excusa-

284 3726 402 3791 tionem
424 3726 546 3789 erronei
572 3725 692 3788 consilii
715 3736 875 3811 praetextu
901 3721 1077 3787 sanctitatis
1102 3736 1234 3790 vestrm:

286 3828 341 3892 sed
368 3850 452 3891 nunc
471 3839 579 3915 pateat
595 3848 634 3889 ex
654 3825 850 3911 professione
870 3822 1011 3887 veritatis
1034 3835 1066 3887 et
1090 3823 1236 3890 libertate

286 3930 429 4016 spiritus,
444 3928 532 4015 quod
543 3949 718 4012 numquam
734 3926 782 3990 illi
803 3924 1002 3989 consensistis
1016 3926 1124 3988 errori.
1169 3925 1237 3989 Ubi

289 4014 372 4093 enirir
384 4030 515 4115 spiritus
530 4029 606 4107 Dei,
617 4028 662 4093 ibi
678 4027 809 4093 libertas
825 4041 888 4092 est:
904 4039 936 4090 et
952 4050 1009 4091 vos
1023 4024 1237 4111 proculdubio

286 4131 403 4196 veritas
427 4131 581 4196 liberabit.
634 4130 747 4196 Valeat
776 4150 898 4212 semper
921 4140 953 4190 et
977 4136 1181 4212 prosperetur
1205 4126 1237 4189 in

289 4230 430 4297 Domino
452 4232 603 4297 sanctitas
617 4242 733 4308 vestra,
756 4227 855 4293 nostri
871 4249 991 4291 memor
1007 4225 1131 4311 jugiter
1150 4228 1237 4310 apud

288 4334 406 4413 Deum,
421 4345 452 4397 et
468 4344 626 4418 quatenus
640 4330 801 4397 honestati
816 4328 946 4415 expedit
962 4327 1046 4413 apud
1064 4324 1215 4390 homines.
