3034 5200
321 682 384 740 240
582 690 718 737 romnus
733 688 1012 736 sanasaamsnsrs
1177 671 1222 750 [r.
1240 691 1271 735 n.
1364 732 1366 737 Α

321 843 528 908 inhumanum
554 854 586 906 et
611 841 805 922 indevotum,
820 853 852 904 et
876 837 1145 925 indisciplinatum
1170 863 1276 905 exem-

320 946 412 1033 plum
427 944 621 1009 transmittat
631 944 675 1008 ad
687 957 839 1031 posteros.
880 942 982 1006 Dolor
997 954 1028 1006 et
1044 941 1150 1006 cordis
1161 966 1276 1028 angus·

322 1050 368 1113 tia
405 1072 455 1112 me
489 1048 580 1111 vobis
614 1047 858 1135 compatientem
894 1062 926 1110 et
961 1046 1125 1110 timentem
1161 1069 1200 1110 ne
1235 1071 1275 1110 ex

321 1149 583 1238 pusillanimitate
609 1161 640 1213 et
664 1149 802 1212 tenacia·
817 1146 1027 1233 quorumdam
1057 1148 1155 1232 (quod
1186 1151 1275 1212 Deus

323 1255 456 1333 avertat)
483 1250 614 1314 ecclesia
641 1251 701 1314 Dei
727 1250 894 1314 contrahat
923 1250 1129 1336 opprobrium
1159 1250 1276 1335 sempi-

324 1366 461 1430 ternum,
477 1352 612 1416 scribere
633 1374 697 1415 non
719 1351 888 1438 patiuntur
909 1350 1015 1414 omnia
1037 1371 1111 1435 quae
1131 1349 1221 1414 locus
1242 1363 1274 1414 et

324 1478 419 1520 causa
441 1454 575 1539 ingerit:
608 1454 661 1518 sed
686 1469 723 1517 ut
745 1453 884 1517 arbitror
906 1455 1011 1516 Deum
1036 1451 1222 1517 timentibus
1243 1464 1276 1516 et

326 1557 522 1644 sapientibus
537 1569 568 1621 et
584 1555 765 1621 amantibus
780 1556 976 1619 honestatem
993 1551 1069 1618 satis
1084 1553 1277 1619 dictumest.

328 1660 494 1724 Hactenus
520 1680 597 1742 ergo
621 1656 740 1721 amicos
763 1655 990 1741 praemonuisse
1017 1653 1162 1719 sufficiat.
1206 1659 1278 1721 Nec

326 1759 442 1824 dubito
465 1758 543 1845 quin
565 1757 746 1821 amantibus
760 1756 902 1821 caritatis
926 1755 1081 1820 reddatur
1095 1755 1231 1837 fructus,
1246 1770 1277 1820 et

327 1861 359 1923 in
376 1858 489 1923 surdos
505 1861 552 1938 (ut
565 1857 665 1922 veteri
678 1857 849 1943 proverbio
863 1856 924 1920 dici
939 1856 1029 1939 solet)
1045 1857 1120 1922 faba
1131 1857 1278 1923 cudatur.

330 1960 451 2039 Valete,
467 1960 563 2026 vestri
579 1972 611 2024 et
627 1959 725 2024 nostri
743 1980 898 2022 memores
912 1958 944 2022 in
960 1961 1102 2025 caritate.

364 2282 585 2347 EPISTOLA
609 2281 795 2347 occa-ro
812 2300 950 2346 auruum
965 2302 1040 2348 aaa.
1058 2305 1085 2349 s.
1102 2305 1248 2350 aemon.

625 2385 709 2465 [an.
729 2389 820 2449 1170.
836 2406 875 2447 m.
893 2385 988 2466 Dec]

503 2545 590 2611 ram
605 2545 703 2611 Petro
718 2513 833 2610 Astra
846 2549 952 2611 saaca
968 2549 1111 2631 nemora.

376 2685 479 2746 Mona
493 2703 564 2766 mea
579 2680 752 2746 rectissime
776 2692 904 2767 poterat
919 2682 1072 2759 accusari,
1088 2681 1113 2745 si
1129 2704 1191 2744 non
1215 2704 1284 2745 eam

334 2783 501 2847 necessitas
511 2794 683 2847 accusaret.
717 2781 899 2845 Debueram
913 2782 1007 2862 enim,
1017 2806 1056 2846 ex
1069 2805 1135 2869 quo
1145 2783 1285 2870 primum

333 2884 366 2948 in
379 2884 531 2967 Angliam
542 2883 655 2972 pedem
668 2884 772 2969 posui,
785 2883 936 2947 nuncium
947 2883 1112 2961 remisisse,
1123 2908 1179 2971 per
1191 2908 1285 2971 quem

334 3000 439 3051 vestra
464 2986 592 3050 dilectio
617 2986 658 3050 de
684 2985 887 3049 alumnorum
912 3007 1042 3049 suorum
1070 2999 1153 3052 statu
1180 3000 1285 3071 posset

334 3086 506 3152 certiorari.
552 3086 615 3151 Sed
632 3086 709 3171 quia
723 3084 802 3149 mihi
817 3085 850 3149 in
865 3086 937 3171 ipso
950 3087 1040 3150 navis
1055 3110 1194 3172 egressu,
1207 3110 1287 3150 nova

333 3198 366 3251 et
390 3186 548 3272 stupenda
571 3209 676 3251 rerum
700 3186 796 3250 facies
819 3187 971 3264 occurrit,
997 3188 1093 3253 alium
1119 3189 1288 3253 certiorare

334 3308 397 3348 non
409 3287 510 3370 potui,
519 3290 576 3369 qui
587 3309 626 3348 ex
640 3286 737 3350 variis
749 3288 953 3371 opinionibus
965 3301 997 3352 et
1010 3288 1112 3353 verbis
1124 3290 1288 3353 hominum

334 3385 491 3449 reddebar
501 3383 649 3447 incertus.
685 3387 780 3465 Nam,
790 3387 899 3451 triduo
908 3400 1076 3472 antequam
1087 3388 1290 3473 applicarem,

334 3484 440 3549 omnia
469 3485 553 3547 bona
583 3482 702 3546 domini
734 3485 887 3549 Cantuar.
914 3499 946 3550 et
978 3510 1108 3550 suorum
1138 3500 1290 3552 annotata

334 3585 473 3662 fuerant,
488 3584 748 3670 procuratoribus
774 3584 839 3647 suis
861 3586 903 3649 ab
927 3586 1199 3651 administratione
1214 3590 1290 3654 sub·

336 3687 448 3751 motis:
479 3685 558 3749 etin
583 3685 742 3771 portubus
767 3683 873 3750 edicto
896 3684 1025 3770 publico
1045 3685 1216 3752 inhibitum
1241 3701 1289 3753 est

336 3790 396 3853 sub
425 3788 681 3853 interminatione
710 3787 799 3854 exilii
829 3800 861 3853 et
896 3787 1145 3873 proscriptionis,
1174 3790 1289 3875 nequis

335 3878 1289 3971 nostrorum‚sif0rteAngliamvenereum,transveheretur.

337 3991 476 4056 Piissimi
497 4004 603 4056 tamen
625 3989 772 4054 officiales
793 3991 912 4055 domini
936 3990 1019 4075 regis
1041 3991 1175 4076 provida
1196 3992 1290 4056 nimis

337 4092 461 4157 cautela
486 4104 518 4156 et
544 4090 720 4179 perniciosa
745 4090 837 4157 nobis
865 4092 1144 4177 circumspectione
1169 4116 1289 4179 praeca·

338 4185 460 4277 verant,
479 4209 516 4260 ut
538 4193 792 4281 archiepiscopus
814 4205 847 4258 et
873 4195 920 4259 sui
940 4195 981 4258 ab
1001 4193 1097 4258 exilio
1120 4195 1290 4260 redeuntes

339 4297 417 4361 nihil
432 4320 561 4384 prorsus
577 4312 632 4361 aut
656 4296 821 4361 minimum
837 4296 1015 4362 invenirent
1038 4308 1155 4382 praeter
1178 4296 1288 4361 domos
