3034 5200
292 714 354 772 282
546 731 682 775 mamus
699 731 977 776 sanssanmnnsrs
1151 716 1197 794 [a.
1216 739 1246 781 o·

295 877 453 940 hominem
469 881 641 956 seientiam,
658 895 689 944 et
705 881 922 947 absconditam
934 885 1052 948 revelat
1069 883 1247 966 veritatem,

294 993 330 1044 ut
345 1004 382 1042 eo
405 981 537 1045 docente
558 983 616 1048 sibi
640 982 765 1047 lidelius
787 996 818 1047 et
841 983 1028 1048 familiarius
1050 985 1245 1052 innoteseat:

294 1095 325 1145 et
347 1096 383 1146 ut
406 1083 544 1148 arbitror
565 1085 658 1170 plane
687 1097 718 1148 et
748 1085 840 1171 plene
862 1086 1078 1171 deprehendet
1101 1089 1181 1173 quid
1204 1091 1246 1154 ab

293 1206 424 1250 accensa
447 1186 496 1249 vel
518 1186 653 1267 incensa,
675 1187 752 1272 quid
774 1187 915 1272 atepida
938 1187 985 1250 vel
1010 1189 1148 1264 remissa,
1165 1191 1244 1276 quid

293 1287 334 1350 ab
349 1287 491 1351 extincta
506 1287 557 1350 vel
570 1288 683 1374 fugata
698 1302 729 1353 et
746 1289 873 1374 perdita
888 1289 947 1353 sibi
969 1289 1150 1372 provenerit
1167 1295 1245 1356 cari-

213 1428 217 1435 ·
294 1400 369 1452 tate.
426 1389 523 1454 Absit
550 1402 653 1454 tamen
677 1404 714 1453 ut
739 1413 796 1476 per
818 1390 1047 1475 blasphemiam
1070 1406 1126 1455 aut
1148 1392 1245 1458 obsti-

293 1490 452 1554 nationem
468 1504 524 1555 aut
539 1491 791 1577 desperationem
814 1504 869 1555 aut
884 1491 1148 1577 impoenitentiam
1171 1517 1242 1578 pec·

292 1604 399 1656 catum
425 1592 644 1656 inremissibile
669 1593 859 1657 commiserit
881 1593 954 1678 quis
983 1596 1016 1655 in
1043 1594 1143 1673 vobis,
1169 1595 1246 1680 quia

292 1694 365 1759 licet
385 1697 418 1757 in
434 1696 529 1758 ramis
551 1694 718 1759 debilitata
739 1708 772 1759 et
787 1695 948 1759 confracta
970 1695 1011 1758 sit
1033 1696 1157 1771 caritas,
1174 1679 1260 1780 spes¹

294 1811 399 1861 tamen
415 1808 462 1859 est
477 1796 565 1881 quod
579 1803 717 1860 'maneat
745 1796 777 1858 in
801 1795 917 1872 radice,
940 1812 971 1859 et
993 1795 1095 1878 rigata
1117 1808 1148 1859 et
1172 1819 1261 1882 per·¹
1335 1795 1342 1803 '

290 1898 362 1960 fusa
374 1896 627 1981 ooelestisgratiae
635 1895 793 1959 imbribus
802 1895 897 1979 possit
907 1895 1105 1975 revirescere,
1116 1909 1148 1961 et
1158 1919 1242 1961 verae

290 1999 513 2084 compassionis
529 2010 560 2062 et
570 1997 707 2082 justitiae
725 1997 829 2059 facere
841 1995 974 2075 fructus,
990 1996 1015 2057 si
1031 2019 1084 2058 cor
1101 1997 1241 2081 posuerit

290 2103 395 2166 anima
410 2124 505 2185 super
520 2101 589 2163 vias
604 2122 687 2173 suas,
704 2099 727 2161 si
744 2098 941 2184 poenituerit,
958 2100 984 2162 si
1000 2099 1126 2185 culpam
1141 2100 1240 2165 fatea-

290 2218 354 2278 tur,
371 2202 396 2264 si
410 2223 469 2286 pro
484 2200 636 2264 facultate
652 2199 874 2264 satisfaciendo
895 2200 1030 2265 redimat
1051 2201 1139 2286 quod
1155 2224 1242 2265 com·

289 2303 386 2366 misit.
430 2302 494 2367 Sed
518 2300 650 2366 fortasse
672 2299 804 2364 dicetis:
836 2304 888 2365 Tu
919 2300 992 2385 quis
1021 2325 1054 2364 es
1080 2314 1136 2366 aut
1166 2325 1241 2389 quae

188 2442 195 2457 ι
289 2418 336 2470 est
352 2404 465 2467 domus
490 2403 589 2489 patris
614 2401 662 2467 tui
689 2402 719 2464 in
748 2403 860 2479 Israel,
884 2415 920 2467 ut
944 2401 1105 2487 religiosos
1125 2426 1241 2489 arguas

289 2507 384 2585 viros,
407 2505 581 2593 praesertim
612 2509 643 2569 in
666 2491 875 2569 ‘eeclesiarum
906 2505 1082 2569 Britanniae
1111 2506 1240 2572 cardine

288 2609 495 2676 constitutos?
519 2610 590 2671 Aut
599 2607 745 2698 nosquid
756 2608 971 2671 commisimus
982 2608 1066 2671 unde
1077 2608 1240 2673 caritatem

288 2713 403 2798 probes
429 2710 604 2776 extinctam·
628 2722 696 2773 aut·
712 2709 898 2773 remissam?
930 2709 1004 2794 Ego
1028 2710 1157 2795 quidem
1179 2724 1239 2797 pro

287 2838 338 2880 me
373 2814 547 2899 respondeo
580 2812 667 2897 quod
695 2813 844 2897 praemisi,
879 2811 956 2897 quia
988 2812 1238 2898 proscriptorum

288 2916 408 2982 Christi
424 2916 574 2979 minimus
594 2937 675 2990 sum,
697 2927 739 2988 et,
755 2912 843 2999 quod
859 2936 898 2976 ex
910 2914 1100 2986 conscientia
1115 2914 1238 3000 loquor,

287 3043 379 3107 quem
398 3019 485 3082 zelus
500 3017 614 3081 domus
630 3016 705 3095 Dei,
716 3028 753 3080 ut
769 3015 900 3079 alterius
915 3038 1042 3101 parcam
1054 3016 1177 3101 judicio
1187 3016 1236 3080 vel

286 3122 393 3196 errori,
405 3123 472 3206 jam
488 3119 590 3185 multo
606 3132 747 3204 tempore
762 3119 844 3182 fecit
858 3118 987 3182 exulare
1003 3119 1236 3206 proscriptum:

285 3237 317 3288 et
347 3225 416 3307 qui,
432 3219 478 3286 ⁴ut
508 3221 668 3306 propriam
698 3215 800 3285 fatear
834 3220 1060 3306 insipientiam,
1091 3221 1239 3286 seandala
1269 3252 1272 3257 ’

284 3326 420 3389 fratrum
438 3322 571 3407 patienti
587 3321 691 3383 animo
707 3325 774 3385 sine
789 3322 938 3409 scrupulo
954 3344 1078 3408 nequeo
1094 3321 1237 3386 tolerare.

284 3431 334 3490 An
358 3446 419 3487 non
442 3421 515 3485 lieet
538 3421 616 3485 mibi
639 3422 813 3503 praesertim
837 3423 981 3507 apostolo
1010 3424 1142 3487 docente
1164 3443 1237 3505 pro-

283 3530 385 3616 priam
403 3525 557 3591 ustionem
575 3522 742 3608 deplorare
757 3524 788 3587 in
806 3514 984 3591 scandalis?
1008 3526 1079 3587 Non
1097 3522 1169 3586 licet
1184 3544 1236 3585 co·

284 3640 474 3717 aegrotantes
497 3626 615 3712 quibus
631 3624 810 3689 coinfirmor
829 3627 964 3691 invitare
979 3638 1015 3689 ut
1031 3624 1149 3710 pariter
1164 3645 1235 3684 cur-

281 3756 389 3796 ramus
402 3731 442 3795 ad
455 3729 634 3793 medicum?
645 3727 794 3792 Profecto
802 3729 932 3791 cuilibet
944 3724 1100 3810 discipulo
1113 3723 1254 3791 christi„

281 3837 377 3901 etiam
401 3833 531 3895 minimo
546 3830 683 3894 liberum
706 3841 753 3894 est
769 3830 838 3914 ipso
859 3828 1033 3914 inspirante
1055 3824 1131 3887 dare
1147 3824 1235 3887 testi-

282 3936 420 4001 monium
444 3932 589 3998 veritati:
614 3955 711 4016 quam
735 3931 882 4019 quisquis
910 3952 949 3991 ex
981 3930 1052 3991 Deo
1081 3938 1141 4004 est,
1170 3949 1234 3990 non

282 4040 377 4103 modo
399 4036 566 4123 patienter,
590 4034 645 4097 sed
668 4035 805 4098 libenter
828 4030 927 4097 audit.
973 4027 1096 4094 Audite
1111 4052 1186 4113 ergo
1201 4041 1232 4092 et

280 4165 335 4204 vos
345 4139 449 4202 animo
460 4134 594 4223 patienti
605 4158 701 4220 quam
714 4158 774 4219 ego
786 4143 929 4217 reputem
945 4129 1070 4214 culpam
1084 4145 1232 4207 vestram,

281 4242 368 4325 quod
379 4238 742 4324 dispendiumcaritatis:
757 4234 843 4321 quod
853 4254 964 4317 quaeso
976 4232 1032 4297 ubi
1039 4231 1235 4320 apparuerit,
1288 4277 1290 4279 -

280 4342 390 4414 nolite
405 4340 491 4405 vanis
521 4339 691 4403 verborum
714 4338 799 4403 foliis
825 4336 1028 4415 adumbrare,
1059 4335 1115 4403 sed
1138 4356 1233 4423 opere
