3034 5200
305 715 413 794 1169.]
686 729 864 775 srrsrotas.
1189 723 1248 781 ael

303 894 445 945 statuens
460 880 542 944 inter
566 879 714 944 malleum
730 895 762 945 et
781 881 946 944 incudem:
979 881 1032 945 sed
1049 883 1089 946 de
1104 885 1251 950 omnibus

300 985 350 1049 his
366 984 477 1047 liberat
492 1006 545 1045 eos
561 981 729 1061 Dominus,
744 995 776 1046 et
791 982 942 1067 probatos
955 982 1121 1048 illustriori
1135 1008 1251 1049 corona

299 1086 464 1171 glorificat.
526 1087 559 1148 Si
589 1084 745 1149 licentiam
781 1084 883 1169 (quod
915 1097 1018 1149 tamen
1049 1108 1111 1148 non
1141 1088 1249 1168 credo)

298 1187 524 1253 transfretandi
549 1186 736 1262 obtinuerit,
764 1186 861 1249 timeo
886 1207 925 1248 ne
950 1198 1095 1270 cogatur,
1119 1210 1181 1251 non
1207 1190 1248 1252 ad

298 1313 401 1371 suurn,
416 1289 470 1353 sed
486 1289 643 1353 exactoris
657 1288 825 1352 arbitrium
844 1286 1013 1371 appellare.
1059 1290 1189 1355 sienim
1206 1292 1247 1355 ad

298 1407 412 1457 nutum
428 1391 529 1475 ipsius
541 1412 602 1452 non
619 1388 824 1474 processerint
838 1389 994 1468 universa,
1005 1392 1247 1458 exacerbabitur

297 1493 495 1578 impatientia
516 1493 597 1576 ejus,
621 1491 673 1554 cui
695 1491 775 1554 citra
795 1490 929 1554 aliorum
953 1493 1144 1557 eversionem
1168 1495 1247 1558 nibil

297 1607 345 1658 est
368 1595 452 1657 satis.
498 1594 532 1658 si
556 1593 776 1678 processerint,
797 1592 925 1678 justitia
946 1591 1155 1678 relinquetur.
1201 1599 1245 1660 Et

298 1720 362 1782 quo
380 1696 457 1760 nihil
482 1695 621 1760 deterius
643 1707 699 1760 aut
722 1695 849 1781 turpius
870 1707 928 1770 est,
944 1695 1124 1760 offendetur
1146 1702 1244 1764 Deus.

298 1800 332 1862 Si
349 1798 446 1885 (quod
464 1799 564 1884 magis
578 1798 683 1879 credo)
700 1797 904 1862 transfretare
919 1797 1137 1881 prohibeatur,
1150 1803 1244 1865 timeo

296 1923 335 1962 ne
351 1899 436 1964 solus
459 1900 629 1964 subsistere
644 1921 705 1962 non
728 1899 841 1984 possit,
857 1910 906 1962 tot
928 1898 1049 1963 insidiis
1070 1901 1244 1986 appetitus,

295 2015 342 2067 tot
357 2015 549 2088 provocatus
560 2001 695 2086 injuriis,
706 2014 738 2065 et
750 2000 925 2064 tortoribus
936 2001 1058 2064 cunctis
1068 2002 1241 2087 expositus.

294 2108 376 2168 Nam
392 2116 423 2167 et
439 2104 499 2166 hoc
510 2104 642 2167 fortasse
657 2103 816 2167 mandatis
830 2101 1062 2188 principalibus
1076 2103 1241 2170 inseretur.

265 2206 406 2271 ·Mitius
436 2219 551 2281 tamen,
583 2207 609 2268 si
639 2205 716 2290 quid
747 2217 948 2269 mansuetum
983 2228 1050 2268 esse
1078 2205 1179 2272 valeat
1208 2209 1240 2272 in

294 2309 470 2385 tormentis,
498 2307 623 2372 tolerari
653 2320 806 2392 poterunt
835 2306 998 2370 inferiores
1022 2307 1157 2373 ministri
1185 2312 1241 2373 Sa-

294 2410 410 2484 tbanac,
433 2431 529 2494 quarn
556 2407 609 2471 ille
635 2430 773 2492 praesens
799 2407 855 2492 qui
877 2407 1079 2492 exigentibus
1104 2412 1241 2495 peccatis

291 2507 441 2590 majorem
455 2504 587 2568 nocendi
599 2504 720 2590 accepit
731 2528 750 2567 a
762 2505 901 2568 Domino
911 2519 1112 2591 potestatem.
1143 2512 1240 2576 Unde

292 2608 467 2673 consultius
496 2609 644 2686 arbitror,
674 2620 711 2672 ut
741 2608 896 2692 quamdiu
925 2632 983 2695 per
1011 2610 1240 2696 dispensatoria

290 2709 487 2785 diverticula,
516 2733 587 2794 quae
613 2721 717 2773 tamen
742 2710 904 2795 justitiam
933 2711 1115 2777 nullatenus
1139 2715 1239 2800 impe-

290 2808 390 2887 diant,
421 2810 555 2875 evadere
583 2809 713 2895 poterit,
740 2813 899 2895 patienter
928 2809 1053 2876 interim
1083 2816 1237 2881 sustineat

287 2913 430 2976 babitare
460 2935 531 2976 cum
563 2912 634 2975 filiis
665 2911 780 2992 Cedar,
808 2926 980 2997 expectans
1008 2916 1174 2979 consilium
1204 2932 1236 2985 et

287 3014 529 3077 consolationem
545 3038 564 3079 a
580 3013 730 3077 Domino.
777 3017 810 3078 Si
825 3036 898 3078 vero
914 3037 1020 3101 regern
1038 3018 1141 3081 redire
1163 3038 1236 3084 con-'

286 3114 403 3198 tigerit,
419 3128 449 3178 et
465 3114 578 3178 durius
592 3115 797 3179 conveniatur
813 3128 849 3180 ut
865 3129 1003 3182 transeat
1018 3119 1049 3182 in
1065 3119 1236 3206 collegium

286 3216 466 3301 impiorum,
483 3239 589 3279 vocem
606 3216 754 3302 pontifice
769 3217 897 3302 dignam
914 3233 1022 3286 exerat
1036 3223 1070 3285 in
1085 3223 1231 3309 spiritum

284 3318 452 3395 libertatis,
474 3333 505 3383 et
529 3337 698 3404 antequam
725 3318 821 3383 laedat
846 3320 983 3386 ecclesiae
1009 3324 1231 3405 conditionem,

284 3434 412 3507 sumpta
428 3444 525 3506 quam
549 3423 639 3485 Deus
654 3419 845 3486 ministrabit
867 3422 998 3488 honesta
1019 3449 1122 3505 causa,
1139 3445 1231 3497 exeat

282 3524 322 3587 de
345 3523 448 3586 medio
470 3522 655 3607 Babylonis,
671 3511 709 3586 ne
732 3537 865 3608 tangens
882 3524 1080 3590 immundum
1096 3535 1231 3617 accipiat

283 3625 323 3686 de
353 3623 455 3710 plagis
483 3624 563 3710 ejus,
592 3623 713 3700 funem,
744 3624 770 3689 si
799 3624 877 3688 alias
906 3624 986 3688 solvi
1014 3648 1077 3689 non
1111 3643 1229 3714 potest,

282 3747 442 3810 rumpens,
452 3748 491 3788 ne
506 3748 578 3788 cum
595 3724 735 3809 periculo
746 3723 946 3787 conscientiae
957 3737 988 3787 et
1004 3737 1079 3789 nota
1090 3726 1229 3795 infamiae

282 3824 477 3887 salvatricem
514 3838 648 3907 cogatur
681 3845 827 3909 rumpere
861 3823 1034 3889 caritatem.
1096 3832 1228 3897 Interim

281 3926 356 4010 quia
381 3938 428 3990 tot
454 3926 610 4012 angustiae
639 3925 782 4011 undique
810 3924 988 4006 imminent,
1013 3930 1153 4010 consulo,
1179 3947 1227 4011 ut,

280 4039 437 4110 quatenus
465 4028 593 4113 poterit,
618 4026 659 4090 de
684 4028 780 4090 rebus
809 4031 873 4091 suis
899 4027 1070 4113 prospiciat
1097 4029 1168 4106 sibi,
1194 4045 1225 4095 et

280 4126 415 4190 maxime
441 4151 527 4214 spem
555 4151 675 4214 ponens
700 4128 732 4191 in
758 4130 910 4213 operibus
934 4128 1168 4207 misericordiae,
1193 4148 1225 4197 et

279 4228 474 4294 orationibus
497 4246 686 4296 sanctorum.
731 4232 784 4298 Sic
805 4235 900 4309 enirn,
915 4230 1004 4317 quod
1028 4244 1059 4295 et
1083 4231 1183 4313 illum,
1199 4239 1224 4301 si

278 4329 417 4395 nondum
433 4329 521 4415 legit,
535 4331 639 4417 legere
654 4331 811 4413 desidero,
827 4354 961 4416 magnus
986 4333 1123 4399 Basilius
1138 4358 1170 4399 se
1192 4351 1224 4403 et
