3034 5200
287 717 393 796 trra]
670 733 849 778 ammona.
1174 718 1235 777 283

285 884 481 950 sinceriorem
498 885 655 949 credimus
670 884 787 947 habere
802 883 974 947 caritatem.
1008 883 1133 946 Horum
1152 907 1234 948 unus

284 990 364 1052 etin
387 989 496 1073 primis
510 989 576 1051 fere
595 986 716 1072 primus
734 999 782 1050 est
803 999 894 1070 pater
914 1007 1091 1070 pauperum
1108 1000 1139 1050 et
1155 1009 1233 1050 moe·

284 1091 419 1153 rentium
450 1090 640 1165 consolator,
671 1101 832 1172 protector
869 1100 974 1151 noster
1003 1088 1036 1149 in
1066 1087 1232 1173 angustiis,

283 1192 469 1255 venerahilis
481 1193 579 1254 frater
595 1203 701 1255 noster
713 1194 756 1255 R.
769 1188 998 1254 Wintoniensis
1008 1190 1127 1253 electus
1138 1212 1233 1275 quem

281 1293 323 1355 ad
338 1293 408 1372 hoc,
425 1305 460 1356 ut
476 1291 616 1355 fidelium
639 1313 708 1376 spes
723 1304 783 1368 est,
799 1290 839 1354 ad
860 1290 998 1353 ecclesiae
1014 1312 1078 1354 suaa
1093 1292 1234 1374 regimen

283 1395 432 1460 Christus
453 1394 560 1478 elegit,
584 1407 620 1457 ut
643 1393 830 1457 adversariis
852 1393 922 1477 ejus
944 1415 961 1454 e
984 1392 1112 1476 regione
1134 1391 1233 1476 possit

282 1494 449 1557 ascendere
464 1507 495 1557 et
511 1516 543 1555 se
558 1515 685 1556 murum
706 1515 865 1577 opponere
885 1513 944 1577 pro
963 1491 1058 1553 domo
1076 1491 1184 1566 Israel,
1201 1501 1234 1554 et

282 1609 429 1682 potenter
443 1609 604 1659 conterere
614 1595 751 1680 justitiae
767 1594 921 1668 inimicos,
932 1606 964 1656 et
974 1593 1072 1677 justis
1087 1592 1233 1656 debitum

283 1695 425 1760 conferre
439 1695 630 1770 subsidium,
647 1694 824 1779 majestatis
840 1691 950 1778 itaque
966 1705 1079 1756 vestrae
1099 1692 1234 1777 pedibus

283 1797 445 1881 provoluti
481 1809 641 1882 quotquot
677 1818 789 1859 sumus
824 1796 977 1858 attentius
1007 1794 1234 1880 supplicamus,

283 1899 435 1982 quatinus
449 1921 520 1984 eum
537 1899 578 1961 ad
593 1898 806 1983 expediendas
824 1897 962 1983 propriae
978 1898 1116 1961 ecclesiae
1132 1920 1235 1961 neces-

284 1999 392 2063 sitates
413 2013 446 2062 et
469 2000 600 2063 aliorum
625 1998 869 2064 consolationem
892 1999 1027 2075 faciatiS,
1050 2001 1234 2064 maturitate

283 2101 427 2165 adhibita
443 2102 619 2187 promoveri
641 2118 672 2166 et
695 2114 730 2164 ut
752 2102 901 2187 precibus
916 2102 985 2185 ejus
1001 2125 1080 2186 quas
1096 2124 1157 2164 non
1173 2101 1234 2164 uisi

284 2205 315 2265 in
339 2207 476 2269 Domino
498 2205 643 2269 facturus
658 2216 705 2266 est
721 2202 834 2286 gratiae
851 2215 964 2265 vestrae
982 2203 1072 2266 favor
1094 2202 1232 2266 accedat.

236 2367 239 2370 .
285 2306 402 2368 Valete.

310 2784 530 2849 EPISTOLA
554 2783 1032 2847 CCCXX.-ononrsnn10n1s
1050 2804 1091 2847 ur
1107 2804 1201 2850 cour.

389 2905 484 2949 canc.
500 2905 544 2948 au
559 2904 723 2948 ataxauu.
740 2904 861 2948 Puram.
910 2887 993 2965 [ao.
1014 2889 1121 2968 1173.]

353 3078 496 3140 ,Domino
510 3076 611 3157 Papa
629 3076 696 3138 Octo
710 3076 808 3139 Prior
823 3084 853 3139 et
867 3086 1040 3142 concreatus
1055 3081 1151 3145 Cant.

324 3221 574 3295 Cauamirauas,
590 3241 670 3303 quas
685 3218 816 3284 ecclesia
834 3233 942 3283 nostra
964 3220 1057 3305 pleno
1080 3221 1231 3288 decennio

277 3323 344 3406 jam
360 3319 522 3396 sustinuit,
537 3319 718 3401 apostolicae
733 3319 800 3383 sedi
815 3343 877 3383 non
894 3336 1027 3407 possunt
1042 3347 1108 3389 esse
1122 3328 1232 3412 incog-

280 3422 367 3500 nitae,
390 3422 464 3507 quia
487 3444 540 3485 eas
566 3434 661 3512 totus
679 3422 881 3488 Christianus
903 3425 989 3489 orbis
1011 3430 1151 3512 agnovit,
1198 3431 1231 3493 Si

280 3547 375 3588 causa
390 3524 556 3609 quaeritur,
574 3524 704 3612 justitia
725 3549 759 3590 se
782 3525 932 3603 ostendit,
947 3542 1080 3613 apparet
1103 3530 1232 3595 libertas

279 3625 429 3702 ecclesiae,
445 3628 621 3689 reverentia
636 3625 718 3689 sedis
733 3625 926 3709 apostolicae,
941 3628 1034 3711 cujus
1055 3632 1231 3694 auctoritas

279 3726 494 3790 evacuabatur
516 3725 548 3788 in
571 3726 717 3811 partibus
740 3729 866 3805 nostris,
880 3748 913 3788 se
934 3748 1001 3788 esse
1023 3739 1231 3811 protestatur,

279 3850 337 3914 pro
360 3851 426 3914 qua
447 3841 479 3891 et
501 3828 658 3912 gloriosus
680 3841 804 3912 martyr
826 3827 947 3893 Christi
969 3829 1139 3894 occubuit:
1171 3854 1231 3917 pro

279 3954 343 4015 qua
374 3932 487 3995 fratres
517 3945 548 3995 et
583 3931 703 3994 alumni
734 3931 875 3995 ecclesiae
909 3932 1076 4017 proscripti
1107 3935 1231 4001 diutius

280 4032 408 4095 exulare
437 4034 537 4097 coacti
563 4046 648 4107 sunt,
673 4045 704 4097 et
729 4033 831 4098 habiti
856 4036 938 4098 sicut
961 4058 1035 4097 oves
1058 4035 1231 4118 occisionis,

280 4132 492 4218 spectaculum
524 4133 599 4197 facti
625 4156 734 4198 sumus
764 4148 794 4196 ct
822 4135 891 4196 Deo
920 4148 950 4197 et
981 4134 1163 4199 hominibus
1198 4152 1230 4203 et

280 4234 410 4319 augelis,
427 4247 458 4299 et
481 4250 748 4322 persequutorum
768 4236 884 4301 Christi
900 4238 1057 4301 canticum
1078 4250 1146 4301 tota
1167 4240 1229 4307 die.

281 4338 464 4400 Attestatur
486 4336 535 4398 his
557 4337 676 4401 effusus
698 4336 784 4421 apud
808 4359 864 4400 nos
889 4351 1063 4422 martyrum
1091 4342 1231 4424 sanguis,
