3034 5200
284 718 395 792 1170.]
666 733 846 779 errsrosa.
1172 724 1235 781 949

280 884 453 948 auriculam
471 884 646 948 dexteram.
678 882 763 960 Quid
779 883 928 948 Malchus
942 884 1055 949 Latino
1067 899 1155 950 sonet
1171 886 1235 950 elo·

281 986 369 1071 quio,
385 987 501 1051 nostis:
526 985 641 1071 loquor
655 985 738 1047 enim
755 984 939 1060 scientibus,
956 987 1147 1061 tenentibus,
1164 986 1236 1051 dili·

278 1086 438 1169 gentibus,
454 1098 486 1150 ct
506 1085 773 1171 amplectentibus
791 1085 904 1170 legem.
950 1089 1023 1149 Non
1046 1086 1236 1150 credebatur

280 1188 367 1273 quod
378 1189 545 1276 episcopus
556 1186 785 1253 Londoniensis
794 1200 826 1252 et
837 1187 891 1250 alii
903 1201 1049 1254 auctores
1061 1188 1237 1253 schismatis

280 1305 310 1353 et
333 1290 511 1354 incentores
533 1301 635 1352 essent
661 1289 872 1353 anathematis
893 1289 1002 1375 gladio
1025 1290 1237 1376 percellendi:

281 1391 335 1454 sed
351 1392 422 1455 illos
432 1393 499 1478 jam
516 1415 536 1454 a
550 1413 681 1476 corpore
697 1414 754 1454 suo
770 1390 879 1476 rejecit
900 1390 1031 1456 ecclesia
1045 1404 1077 1456 et
1092 1391 1237 1458 exclusit.

282 1497 355 1558 Non
382 1493 572 1556 credebatur
601 1492 688 1578 quod
719 1492 1016 1558 condemnationem
1039 1517 1147 1557 eorum
1172 1497 1238 1560 Ro·

282 1617 394 1658 manus
410 1594 553 1679 pontifex
566 1595 804 1681 approbaturus
815 1607 916 1659 esset:
942 1595 996 1658 sed
1010 1619 1049 1659 ex
1065 1619 1102 1659 eo
1113 1609 1236 1661 constat

282 1711 382 1761 ratam
399 1719 465 1760 esse
488 1696 687 1772 sententiam,
703 1697 790 1782 quod
811 1696 918 1760 nuncii
934 1719 953 1759 a
974 1699 1047 1760 sede
1064 1698 1237 1784 apostolica

283 1797 369 1863 missi
399 1811 485 1871 sunt,
513 1799 567 1884 qui
598 1821 652 1862 eos
677 1798 822 1883 praestito
854 1798 1039 1884 juramento
1065 1799 1237 1865 secundum

283 1923 400 1964 morem
424 1899 563 1964 ecclesiae
579 1900 639 1963 sub
662 1922 698 1963 ea
720 1900 901 1963 conditione
922 1900 1121 1966 absolverent
1137 1902 1162 1965 si
1183 1927 1237 1967 rex

281 2025 354 2066 cum
370 2002 499 2066 ecclesia
515 2001 689 2067 secundum
707 2000 795 2086 quod
811 2001 959 2066 dominus
976 2025 1059 2088 papa
1074 2007 1239 2090 praescrip·

283 2121 375 2185 serat,
409 2105 527 2168 laceret
566 2126 686 2190 pacem.
732 2105 837 2190 Cujus
876 2127 932 2190 spe
970 2104 1046 2170 data
1086 2107 1241 2171 Cantuar.

282 2207 452 2272 archidiac.
474 2222 505 2273 et
529 2208 598 2272 aliis
621 2209 785 2294 quierant
807 2209 839 2270 in
856 2207 1002 2294 partibus
1024 2211 1240 2275 transmarinis

285 2312 422 2376 absoluti
447 2323 521 2374 sunt
537 2311 700 2396 praemissa
718 2309 877 2394 juratoria
897 2311 1052 2374 cautione.
1098 2316 1143 2376 Et
1166 2311 1241 2398 quia

286 2434 349 2496 pax
365 2411 448 2474 infra
459 2411 576 2475 festum
589 2410 675 2474 beati
687 2409 854 2474 Michaelis
867 2410 915 2488 (ut
927 2411 1109 2477 condictum
1120 2413 1240 2492 suerat)

287 2526 425 2601 sequuta
446 2533 509 2575 non
532 2527 592 2592 est,
611 2512 643 2575 in
667 2512 798 2575 eandem
822 2515 1007 2577 sententiam
1032 2515 1242 2580 anathematis

283 2617 381 2702 juxta
404 2616 585 2680 condictum
618 2616 743 2679 reducti
769 2628 853 2680 sunt.
898 2615 1018 2702 Liquet
1043 2641 1119 2703 ergo
1144 2641 1241 2704 quam

288 2716 464 2802 periculosa
479 2716 518 2781 sit
535 2715 737 2803 participatio
753 2738 883 2781 eorum:
915 2738 986 2780 narn
1010 2739 1043 2780 re
1058 2740 1095 2780 ea
1116 2740 1243 2781 excom·

286 2819 438 2884 manicati
467 2832 556 2883 erant
593 2842 673 2903 quos
702 2818 871 2904 oportebat
907 2818 1037 2883 absolvi.
1092 2821 1242 2906 Superest

287 2936 447 2987 autemut
469 2921 699 2985 animadversio
720 2921 871 3007 procedat
893 2920 1028 2986 ulterius
1047 2921 1123 3007 quia
1145 2922 1244 2989 haere-

288 3023 372 3087 ditas
384 3022 513 3086 Domini
528 3043 590 3084 non
602 3034 707 3107 potest
721 3021 846 3084 liberari
862 3021 902 3084 de
918 3044 1012 3085 mauu
1029 3023 1167 3086 hostium
1184 3022 1243 3087 nisi

288 3124 319 3186 in
343 3122 550 3187 manuforti.
596 3127 633 3187 ln
659 3145 726 3208 quo
751 3121 901 3187 conflictu
926 3136 1072 3209 patenter
1094 3138 1243 3209 agnoscet

292 3224 449 3287 Dominus
467 3224 525 3308 qui
551 3238 626 3287 sunt
653 3224 733 3308 ejus,
755 3237 786 3287 et
813 3224 869 3309 qui
897 3224 998 3310 pluris
1019 3226 1139 3291 faciunt
1165 3225 1244 3291 ollas

291 3324 476 3412 AEgyptias‚
503 3347 584 3411 pane
609 3325 739 3405 coelesti,
764 3326 860 3390 verbo
890 3328 955 3393 scil.
987 3332 1049 3393 Dei
1078 3331 1165 3417 quod
1187 3330 1244 3395 dat

291 3431 388 3494 vitam
412 3428 541 3494 mundo.
587 3429 790 3514 Quicumque
815 3452 888 3493 vero
914 3430 1034 3495 fuerint
1058 3432 1102 3508 hi,
1127 3445 1244 3497 sortem

291 3533 503 3597 damnationis
526 3554 592 3595 suae
614 3530 767 3617 recipient
789 3554 863 3596 cum
885 3532 935 3595 his
956 3553 1040 3617 quos
1055 3546 1139 3597 terra
1157 3534 1246 3597 vivos

291 3634 468 3699 absorbuit.
518 3636 600 3698 Nam
632 3634 685 3720 qui
717 3638 854 3719 peccatis
883 3632 1094 3697 communicat
1124 3633 1244 3710 alienis,

291 3736 537 3801 communicabit
551 3747 584 3799 et
600 3734 704 3801 morti.
751 3737 849 3799 Exite
871 3756 948 3818 ergo
963 3756 1071 3819 quaeso
1086 3734 1127 3798 de
1142 3734 1246 3799 medio

290 3863 410 3918 eorum,
428 3838 536 3925 ponite
551 3837 648 3901 corda
663 3850 770 3901 vestra
785 3858 881 3921 super
898 3835 963 3899 vias
979 3850 1116 3902 vestras:
1144 3849 1175 3900 ct
1192 3836 1246 3922 qni

291 3966 331 4006 ex
348 3963 462 4025 magna
478 3954 568 4027 parte
585 3939 685 4025 (quod
698 3961 771 4002 cum
787 3939 905 4001 rubore
920 3951 951 4002 et
972 3938 1079 4001 dolore
1094 3937 1247 4003 confusus

292 4042 438 4127 eloquor)
462 4039 599 4126 privigni
614 4038 720 4103 fuistis
742 4039 911 4103 hactenus:
944 4038 993 4103 vel
1007 4060 1093 4104 nunc
1118 4036 1247 4102 tandem

294 4141 461 4207 transeatis
483 4142 514 4203 in
530 4155 647 4213 sortem
669 4140 808 4203 filiorum
823 4140 1086 4204 communicando
1108 4139 1248 4224 paternis

295 4242 547 4319 necessitatibus,
562 4243 687 4305 fructus
702 4241 900 4327 poenitentiae
915 4255 947 4307 et
968 4240 1157 4306 obedientiae
1172 4262 1246 4306 exe·

294 4344 431 4431 quondo,
453 4355 485 4409 et
506 4344 670 4408 infamiam
691 4344 732 4408 ab
758 4342 887 4407 ecclesia
910 4343 1133 4431 propellendo:
1166 4346 1249 4426 quw,
1295 4345 1299 4358 ‘
