3034 5200
290 730 400 810 llos]
672 746 850 794 nrrsrota.
1182 740 1242 798 123

289 901 457 983 asperabit.
491 900 525 964 Si
537 922 611 964 vero
622 921 688 963 non
701 900 884 978 absolverit,
893 901 977 983 regis
988 909 1020 964 et
1031 899 1240 968 cardinalium

288 1021 415 1063 suorum
439 1000 692 1082 indignationem
720 1002 879 1065 ridebitur
903 999 1066 1065 meruisse.
1120 1004 1241 1069 Dicent

287 1101 389 1166 enim:
412 1103 501 1166 Ecce
512 1101 580 1186 jam
596 1103 631 1165 iu
646 1104 815 1186 propatulo
830 1113 878 1167 est
893 1102 980 1186 quod
996 1104 1240 1191 archiepiscopo

285 1223 413 1285 prorsus
423 1204 522 1268 feret:
547 1202 635 1287 quod
647 1203 771 1266 domini
781 1203 864 1284 regis
872 1203 1027 1268 honorem
1037 1226 1102 1268 nou
1116 1204 1236 1288 diligit:

286 1304 372 1387 quod
387 1306 572 1389 apostolicae
587 1304 673 1369 sedis
683 1305 861 1369 coutemnit
872 1306 1103 1370 auctoritatem.
1141 1308 1239 1372 Potn-

287 1417 377 1469 erant
396 1405 586 1483 cardinales,
608 1406 634 1469 si
658 1406 884 1488 circumspecti
903 1415 1020 1484 essent,
1041 1408 1069 1469 si
1092 1408 1240 1473 timerent

287 1507 476 1587 Dominum,
491 1509 517 1570 si
539 1508 706 1571 brachium
722 1529 815 1571 suum
829 1528 895 1570 nou
920 1518 1077 1591 ponerent
1100 1530 1239 1586 carnem,

287 1607 447 1669 revolvere
476 1606 555 1688 quid
590 1609 790 1690 susceperint
822 1608 856 1670 iu
893 1605 1062 1685 mandatis,
1091 1629 1163 1691 quae
1199 1609 1240 1672 sit

288 1708 533 1790 apostolicarum
549 1709 718 1792 conceptio
732 1709 918 1786 litterarum,
933 1707 1010 1792 qnid
1026 1709 1170 1773 ecclesiae
1182 1732 1238 1774 ex·

286 1807 420 1891 pediret,
435 1823 467 1872 et
483 1809 674 1873 amandatis
689 1810 872 1893 hujusmodi
887 1811 1016 1893 penitus
1031 1811 1238 1876 abstinerent.

287 1911 352 1972 Ant
367 1911 394 1972 si
405 1911 566 1975 hominem
583 1912 657 1975 Deo
672 1910 904 1994 praeserendum
917 1911 1127 1990 decreverint,
1140 1935 1238 1997 quare

285 2034 349 2075 non
365 2013 572 2098 injunxerunt
585 2015 647 2078 hoc
665 2034 782 2077 munus
797 2012 852 2076 nni
868 2034 977 2076 eorum
992 2014 1048 2096 qui
1063 2026 1240 2098 praesentes

285 2113 873 2194 aderantetfestinabantadreditum?
893 2116 978 2178 Nam
989 2116 1239 2196 Londoniensis,
1273 2165 1278 2173 .

286 2216 534 2282 Saresberiensis
559 2216 784 2295 cicestrensis,
794 2217 1038 2298 wigorniensis,
1052 2217 1238 2283 assidebant

284 2317 338 2397 eis,
355 2328 388 2382 ct
404 2321 437 2381 in
453 2320 601 2381 humeros
623 2317 820 2382 Exoniensis
838 2326 873 2380 ut
896 2316 1013 2381 dicitnr
1034 2316 1238 2402 impegerunt

283 2418 345 2482 hoc
357 2442 456 2483 onus:
481 2420 583 2501 magis
595 2428 699 2482 tamen
711 2418 885 2502 imponitur
897 2418 1122 2499 Wigomiensi.
1161 2421 1237 2500 Qui,

283 2521 309 2581 si
324 2541 398 2583 vera
412 2529 487 2584 sunt
502 2543 572 2605 quar
587 2520 746 2596 dicuntur,
761 2521 835 2603 plus
850 2540 947 2603 quam
961 2528 1059 2582 tanta
1072 2519 1237 2586 modestia

286 2622 384 2684 virum
409 2623 532 2703 deceat,
547 2625 580 2687 in
603 2624 880 2708 archiepiscopum
897 2644 987 2686 suum
1002 2625 1154 2706 loquutus
1177 2635 1236 2689 est.

284 2723 347 2787 Sed
370 2739 560 2792 accusentur
581 2727 737 2812 episcopi.
782 2726 883 2788 Novit
903 2725 1064 2789 Dominus
1086 2727 1239 2808 quisunt

282 2826 363 2910 ejus,
378 2841 411 2892 et
430 2829 644 2894 declarabitur
665 2829 781 2893 veritas
803 2827 837 2891 in
859 2827 915 2890 illa
936 2825 999 2907 die,
1023 2848 1083 2890 nec
1107 2828 1236 2890 interim

283 2949 404 2993 nocens
413 2952 446 2993 se
453 2932 564 3015 judice
574 2933 769 2995 absolvetur:
793 2941 826 2993 et
835 2929 892 3013 qui
901 2929 987 2991 fratri
998 2928 1124 2992 foveam
1134 2940 1237 3013 parat,

283 3030 406 3094 incidet
420 3032 536 3096 ineam
551 3035 647 3117 prior.
678 3032 765 3104 Quid
775 3052 851 3111 ergo
862 3030 960 3094 saciet
969 3030 1052 3095 inter
1063 3031 1122 3094 has
1134 3031 1236 3096 tendi·

283 3131 1044 3217 culastuusetproamoretuomeusExoniensis?
1058 3133 1235 3199 Sicousilio

282 3236 385 3316 polles
397 3246 452 3298 aut
466 3238 580 3320 aliquis
591 3249 718 3300 tuorum
729 3236 873 3319 gaudens
885 3256 923 3299 eo
935 3247 1032 3298 utere.
1057 3236 1113 3299 Sin
1126 3250 1233 3302 autem

281 3336 314 3397 in
326 3358 364 3399 eo
375 3336 512 3417 interim,
522 3339 610 3423 quod
619 3340 687 3402 sine
699 3339 837 3403 melioris
848 3337 1038 3422 praejudicio
1049 3337 1169 3402 dictum
1182 3342 1233 3420 sit,

281 3438 461 3522 adquiesce.
507 3442 583 3506 Scio
598 3444 684 3505 enim
701 3442 787 3527 quod
802 3443 941 3505 libenter
954 3451 987 3504 te
1004 3440 1094 3503 audit
1107 3443 1233 3505 Exoni-

281 3542 374 3604 ensis.
421 3544 455 3606 Si
477 3544 521 3607 illi
545 3546 689 3608 venerint
708 3543 909 3619 absolvendi,
925 3541 1068 3605 mandati
1089 3552 1232 3606 tenorem

278 3643 439 3730 inspiciat,
454 3647 575 3729 flagitet
597 3648 831 3732 poenitentiam,
846 3652 1036 3726 extorqueat
1057 3643 1232 3706 confessio·

278 3767 370 3811 nem:
408 3761 440 3812 et
462 3750 489 3811 si
510 3750 653 3813 mandati
675 3751 776 3813 forma
798 3771 862 3812 non
889 3743 1035 3829 impedit,
1057 3744 1232 3826 legitimam

278 3847 318 3911 de
333 3850 550 3914 satisfactione
566 3851 675 3933 exigat
690 3851 885 3914 cautionem.
931 3846 1089 3910 Ostendat
1103 3858 1136 3909 et
1154 3869 1232 3929 apo·

279 3950 408 4013 stolicas
430 3952 559 4028 litteras,
574 3952 690 4035 quibus
713 3951 746 4012 in
764 3949 950 4013 anteriorem
977 3947 1165 4011 sententiam
1189 3965 1233 4006 ex

277 4054 464 4117 necessitate
479 4052 655 4137 reponendi
670 4062 755 4129 sunt,
770 4052 797 4113 si
813 4050 1061 4114 satisfactionem
1078 4045 1231 4109 exhibere

279 4153 468 4216 distulerint.
512 4157 676 4217 Exerceat
695 4150 930 4215 admonitiones
944 4160 977 4211 et
998 4167 1071 4228 quae
1090 4140 1235 4224 pericula

279 4255 475 4334 immineant,
489 4256 658 4339 diligenter
672 4262 825 4336 exponat.
870 4248 966 4321 Quod
983 4248 1009 4310 si
1024 4265 1082 4329 per
1101 4259 1157 4302 eos
1173 4251 1235 4303 ste-

278 4356 362 4434 terit,
378 4377 442 4439 quo
457 4357 563 4421 miuus
578 4356 794 4426 absolvantur,
805 4369 856 4411 res
870 4348 899 4410 ei
913 4348 947 4409 in
963 4356 1033 4409 tuto
1048 4351 1105 4407 est.
1138 4338 1234 4407 Quod
