3034 5200
290 709 348 771 117
356 708 398 786 1.]
673 726 855 773 nmsronm.
1179 721 1241 780 253

286 877 434 941 omnibus
445 876 595 962 adjiceret
607 876 757 942 honorem
771 878 835 942 Dei
847 891 879 944 et
891 879 1087 944 honestatem
1101 882 1240 950 ecclesiae

286 978 402 1042 salvam
426 980 503 1043 fore.
549 980 617 1043 Nec
640 979 680 1043 ad
703 979 862 1044 modicum
886 993 918 1046 et
945 980 1036 1066 quasi
1061 981 1101 1046 ad
1128 983 1238 1050 horam

285 1080 426 1158 credens,
443 1095 475 1144 et
490 1080 520 1144 in
537 1079 672 1144 articulo
691 1080 911 1166 temptationis
932 1080 1091 1160 recedens,
1107 1084 1240 1150 adversa

285 1203 453 1268 perpessus
467 1196 526 1259 est,
543 1182 596 1246 sed
613 1182 746 1247 exilium
770 1195 802 1247 et
824 1183 1057 1247 acerbissimam
1081 1173 1239 1274 proscrip-

285 1285 402 1348 tionem
418 1284 451 1347 in
467 1307 583 1349 annum
601 1285 771 1371 septimum
792 1284 978 1370 protelavit:
1003 1299 1092 1351 tanta
1108 1288 1238 1373 quidem

285 1381 406 1446 virtute
429 1384 615 1449 constantiae
639 1385 689 1448 ria
711 1385 799 1470 regia
824 1384 982 1461 incedens,
1005 1399 1037 1451 et
1060 1387 1179 1453 Christi
1205 1403 1238 1455 et

285 1483 530 1569 apostolicorum
554 1487 694 1551 virorum
719 1509 853 1572 sequens
874 1487 1018 1572 vestigia,
1040 1502 1078 1554 ut
1101 1488 1239 1556 invictus

285 1587 355 1671 ejus
383 1587 508 1652 animus
537 1611 593 1652 nec
623 1589 761 1655 fortunar
791 1589 950 1654 saevientis
978 1591 1100 1677 impetu
1131 1607 1237 1679 posset

284 1687 400 1773 frangi,
414 1711 471 1753 nec
486 1689 649 1755 blanditiis
662 1689 807 1756 emolliri.

330 1789 394 1854 Sed
424 1802 456 1854 et
487 1791 541 1856 ubi
572 1791 613 1854 sit
642 1791 826 1856 immolatus
855 1791 1022 1858 advertite.
1080 1796 1175 1859 Certe
1204 1800 1237 1862 in

189 1942 192 1948 .
285 1891 425 1968 ecclesia,
452 1916 526 1978 quae
551 1906 649 1979 caput
674 1892 765 1978 regni
792 1905 852 1969 est,
878 1907 910 1958 et
936 1894 1069 1959 aliarum
1096 1897 1236 1964 omnium

285 2006 386 2058 mater
415 1998 447 2059 in
472 1995 610 2075 Christo,
634 2017 739 2058 coram
770 1995 873 2076 altari,
895 1995 978 2060 inter
1000 1999 1239 2064 consacerdotes

284 2110 315 2161 et
339 2118 452 2160 manus
478 2096 696 2182 religiosorum
724 2120 805 2182 quos
831 2111 1026 2162 armatorum
1052 2099 1236 2166 carnificum

284 2199 445 2263 tumultus
459 2198 577 2263 fecerat
599 2197 640 2262 ad
656 2197 851 2285 stupendum
869 2211 901 2263 et
916 2199 1093 2263 miserabile
1115 2215 1236 2287 specta-

284 2300 391 2365 culum
403 2303 578 2368 convenire.
618 2301 682 2378 Qui
693 2323 770 2385 ergo
781 2323 814 2364 se
825 2301 929 2387 ipsum
946 2324 964 2364 a
978 2301 1082 2366 multo
1094 2315 1237 2391 tempore

284 2403 474 2468 exhibuerat
497 2403 632 2468 hostiam
656 2403 771 2482 vivam,
787 2415 938 2479 sanctam,
955 2406 1026 2468 Deo
1048 2404 1237 2491 placentem,

285 2503 340 2589 qui
364 2525 489 2568 caruem
514 2525 602 2568 suam
623 2502 655 2567 in
679 2503 886 2584 orationibus,
901 2503 1030 2586 vigiliis,
1049 2505 1182 2592 jejuniis
1203 2520 1236 2572 et

284 2605 452 2692 asperioris
471 2605 564 2670 cilicii
590 2629 648 2670 usu
673 2606 836 2685 continuo,
857 2630 931 2672 cum
954 2606 1040 2671 vitiis
1063 2622 1096 2674 et
1120 2631 1234 2674 concu-

284 2706 446 2792 piscentiis
464 2706 676 2783 crucifixerat,
692 2706 750 2793 qui
765 2708 907 2786 dorsum,
923 2709 1011 2794 quod
1027 2710 1127 2773 sancti
1143 2710 1237 2775 fami·

282 2811 376 2875 liares
391 2812 461 2896 ejus
475 2824 640 2888 noverant,
655 2824 809 2897 tanquam
826 2811 947 2876 Christi
970 2816 1124 2897 puerulus
1139 2836 1236 2899 expo-

283 2939 357 2981 nere
382 2927 587 2979 consueverat
610 2914 649 2978 ad
676 2913 814 3000 flagella,
836 2915 893 3003 qui
918 2915 1040 2980 Christi
1062 2938 1179 3002 corpus
1201 2931 1234 2981 et

283 3020 466 3102 sanguinem
483 3019 595 3082 solitus
613 3032 680 3082 erat
703 3019 816 3082 offerre
838 3018 870 3081 io
892 3017 997 3096 altari,
1013 3040 1118 3082 coram
1140 3019 1234 3083 altari

282 3131 461 3205 prostratus
486 3119 619 3183 effusum
647 3118 792 3185 manibus
817 3120 987 3204 impiorum
1015 3119 1134 3184 obtulit
1159 3142 1233 3205 pro-

282 3220 398 3307 prium.
445 3222 512 3284 Nec
530 3220 621 3285 licuit
636 3221 786 3285 ministris
808 3222 956 3286 Sathanae
971 3221 1002 3286 in
1018 3222 1233 3288 immolatione

283 3322 485 3408 discipuli'et
512 3323 605 3402 servi,
627 3322 714 3410 quod
742 3324 945 3410 praeambulis
968 3347 1078 3388 eorum
1102 3324 1133 3390 in
1161 3349 1233 3390 cru·

281 3424 429 3489 cifixione
460 3426 611 3509 Magistri
640 3437 671 3489 et
703 3425 845 3491 Domini.
900 3424 1049 3490 Christus
1074 3427 1170 3506 enim,
1193 3450 1233 3491 ne

280 3524 392 3590 civitas
413 3525 597 3600 faedaretur,
623 3547 662 3588 ne
684 3523 881 3611 pollueretur
907 3525 1087 3602 sabbatum,
1109 3526 1233 3610 judicio

280 3628 352 3694 licet
375 3628 484 3715 iniquo
506 3627 755 3715 praedamnatus,
774 3628 901 3713 qualem
924 3625 1051 3712 qualem
1074 3626 1232 3714 allegandi

280 3751 337 3814 pro
354 3752 386 3792 se
401 3740 564 3815 acceperat
580 3727 775 3808 facultatem,
790 3740 822 3792 et
838 3727 879 3791 ab
902 3726 981 3789 urbe
996 3725 1125 3805 ductus,
1140 3741 1232 3793 extra

280 3842 404 3915 portam
431 3829 604 3894 crucifixus
628 3842 687 3906 est,
710 3829 883 3893 ministerio
910 3827 1023 3912 utique
1048 3829 1230 3912 gentilium,

278 3933 335 4017 qui
358 3934 531 3998 Dominum
555 3954 616 3995 non
640 3945 804 4012 noverant,
825 3947 857 3995 et
879 3929 1070 3995 auctoritate
1092 3931 1230 4017 publicae

279 4032 456 4118 potestatis,
472 4034 521 4099 his
536 4055 625 4098 reum
641 4033 858 4097 deferentibus
872 4054 1010 4119 quorum
1027 4031 1127 4117 legem
1143 4033 1231 4101 visus

279 4145 326 4197 est
349 4134 548 4220 impugnare,
564 4134 722 4221 discipulo
744 4134 810 4197 filio
832 4133 1019 4219 perditionis
1041 4134 1229 4219 proditionis

280 4231 445 4318 perfidiam
470 4247 670 4321 procurante.
717 4237 764 4297 At
789 4232 847 4296 iste
873 4254 935 4296 non
960 4231 1055 4296 modo
1076 4232 1109 4295 in
1137 4236 1228 4312 urbe,

279 4334 332 4399 sed
358 4334 441 4428 intra
465 4336 636 4413 ecclesiam,
652 4359 714 4399 non
741 4349 882 4421 ternpore
907 4335 1082 4422 prophano,
1099 4336 1153 4399 sed
1176 4336 1229 4401 die
