3034 5200
360 717 423 774 270
632 728 768 773 manius
786 726 1063 772 saussaaamusrs
1219 712 1265 791 [A.
1284 734 1316 778 o.

367 879 411 941 Et
432 878 535 964 plane,
551 879 631 942 sicut
648 877 777 940 solemni
796 880 980 963 juramento
995 879 1122 963 majoris
1137 891 1168 942 et
1183 880 1318 945 sanioris

364 980 465 1065 partis
489 993 662 1043 conventus
688 979 840 1056 constitit,
865 978 1088 1063 intelligentes,
1115 981 1200 1065 quod
1229 1004 1315 1067 saepe

363 1079 468 1145 dictus
479 1080 597 1144 electus
612 1082 643 1143 in
660 1080 805 1144 fraudem
821 1081 962 1144 mandati
978 1082 1084 1160 vestri,
1095 1095 1127 1146 et
1142 1083 1315 1166 perniciem
1328 1125 1332 1130 ·

364 1183 556 1259 monasterii,
573 1182 741 1268 asportatis
763 1180 954 1244 ornamentis
969 1193 1000 1244 et
1016 1180 1105 1245 libris
1126 1195 1159 1246 et
1181 1185 1318 1269 pecunia

365 1307 426 1347 non
457 1284 590 1360 modica,
613 1284 819 1368 praeelegerat
844 1283 967 1368 fugam,
994 1283 1141 1348 aditurus
1171 1309 1211 1349 ex
1240 1311 1315 1373 pro-

365 1386 468 1471 posito
494 1385 632 1471 aliquam
656 1399 845 1471 potestatem
868 1408 963 1469 quam
988 1389 1058 1449 Deo
1081 1399 1112 1450 et
1133 1388 1316 1471 apostolicae

366 1490 433 1553 sedi
467 1502 572 1575 posset
608 1511 780 1575 opponere,
812 1501 903 1553 tanto
939 1487 1112 1552 studiosius
1147 1490 1314 1554 veritatem

366 1591 547 1655 studuimus
585 1591 755 1675 inquirere,
786 1608 907 1677 quanto
943 1590 1033 1653 nobis
1068 1613 1107 1653 ex
1143 1595 1315 1656 assertione

365 1692 507 1777 plurium
537 1692 654 1756 certius
682 1692 824 1757 constitit
859 1694 964 1777 ipsum
1000 1705 1169 1778 antequam
1200 1693 1313 1778 fugam

364 1795 459 1860 iniret
481 1795 598 1859 dixisse
620 1795 729 1859 multis
750 1795 955 1859 audientibus
974 1818 1006 1858 se
1028 1795 1188 1859 abbatiam
1211 1819 1230 1858 a
1252 1799 1315 1860 Ro-

365 1919 459 1960 mano
478 1896 626 1981 pontifice
645 1920 707 1960 non
727 1897 855 1973 babere,
871 1895 925 1959 sed
946 1919 1054 1959 curam
1076 1919 1260 1981 paucarum,
1274 1897 1316 1962 de

364 1999 481 2084 quibus
503 2022 566 2062 non
589 1999 721 2063 curabat
744 2002 931 2077 animarum,
953 2021 1164 2083 securumque
1183 2022 1250 2062 esse
1272 1999 1314 2064 de

364 2101 592 2184 temporalibus
632 2101 734 2177 bonis,
775 2101 852 2184 quia
892 2101 920 2163 ei
961 2104 1125 2164 Romanus
1166 2101 1311 2188 pontifex

363 2203 486 2288 praedia
510 2205 636 2267 auferre
665 2225 727 2265 non
758 2216 893 2288 poterat,
918 2226 991 2288 quae
1016 2202 1057 2265 ab
1082 2203 1145 2266 alio
1174 2203 1314 2288 posside-

363 2303 429 2368 bat.
484 2305 669 2368 Invenimus
691 2326 767 2386 ergo
789 2315 910 2366 tantam
933 2303 1193 2389 dilapidationem
1215 2304 1314 2367 bono-

363 2428 445 2482 rum,
469 2417 506 2470 ut
529 2406 568 2469 de
594 2406 792 2491 reparatione
818 2406 920 2491 possit
947 2417 1116 2470 nostraet
1146 2405 1314 2470 conniven-

363 2507 444 2572 tium
469 2520 545 2572 aetas
575 2507 687 2571 merito
716 2508 893 2593 desperare.
954 2506 1105 2570 Ecclesiae
1132 2506 1253 2591 lapsum
1280 2519 1314 2572 et

364 2610 600 2687 desolationem,
613 2613 783 2675 claustrum
800 2623 832 2675 et
847 2609 986 2672 officinas
1001 2609 1157 2673 imbribus
1169 2623 1200 2674 et
1213 2612 1316 2677 ventis

364 2711 501 2796 pervias,
522 2724 553 2774 et
576 2711 699 2774 ruinam
725 2711 945 2787 aedificiorum,
962 2709 1011 2773 his
1033 2709 1090 2797 qui
1112 2734 1149 2773 ea
1171 2711 1316 2778 viderant

363 2810 516 2896 inspicere
531 2810 678 2874 miserum
691 2825 748 2875 est.
787 2811 912 2875 Audire
923 2811 1117 2876 calamitates
1131 2811 1315 2878 colonorum

364 2912 514 2989 ecclesiae,
531 2936 609 2998 quas
624 2913 715 2978 electi
730 2913 828 2988 illius,
840 2927 895 2978 aut
911 2913 1018 2999 potius
1034 2936 1052 2976 a
1067 2916 1137 2977 Deo
1153 2915 1313 3000 reprobati
1342 2956 1345 2962 ·

363 3013 499 3079 hominis
514 3017 777 3101 concupiscentia,
788 3030 820 3080 et
835 3016 991 3102 rapacitas
1006 3016 1093 3093 fecit,
1108 3016 1169 3102 piis
1184 3017 1315 3082 aun'bua

363 3129 411 3179 est
427 3128 629 3184 tormentum.
661 3118 878 3183 Alienationes
893 3118 1085 3201 praediorum
1103 3117 1219 3182 multas
1228 3118 1315 3200 fecit,

363 3238 516 3294 enormes,
536 3232 568 3283 et
591 3243 628 3282 eo
650 3220 755 3284 minua
777 3218 955 3284 tolerabiles
978 3218 1065 3305 quod
1087 3220 1315 3304 patrimonium

364 3316 486 3380 Christi
505 3320 648 3401 patronis
667 3321 878 3385 immunditiae
893 3335 924 3384 et
940 3321 1195 3385 conciliatoribus
1215 3326 1316 3407 turpi-

364 3416 484 3480 tudinis
507 3440 573 3482 suae
596 3433 741 3504 repertus
763 3438 811 3485 est
834 3422 1006 3487 foedissimo
1036 3422 1222 3486 commercio
1247 3422 1313 3488 dis-

364 3517 506 3583 traxisse.
537 3520 684 3603 Sigillum
701 3521 839 3586 ecclesiae
853 3522 1007 3586 fratribus
1022 3516 1216 3604 abstulit,ut
1232 3524 1314 3588 male

364 3621 464 3686 factas
476 3620 677 3688 alienationes
688 3623 787 3707 possit
798 3646 857 3709 pro
869 3623 960 3689 libitu
974 3626 1131 3689 roborare.
1164 3624 1314 3702 Pecunia,

365 3745 461 3809 super
476 3747 540 3808 qua
554 3724 679 3788 nomine
699 3725 838 3789 ecclesiae
860 3727 883 3788 J
887 3725 986 3789 udaeis
1008 3737 1040 3788 et
1057 3724 1316 3790 Christianisfae-

364 3827 563 3890 neratoribus
584 3829 679 3906 cavit,
694 3829 727 3890 in
749 3829 930 3891 immensam
955 3840 987 3890 et
1009 3848 1141 3912 prorsus
1164 3826 1315 3911 importa-

364 3926 459 3989 bilem
481 3927 682 4001 monasterio,
703 3928 842 3992 excrevit
864 3928 1086 4014 quantitatem.
1138 3926 1315 3992 Seditiosus

364 4040 421 4106 est,
446 4040 483 4091 ut
512 4040 713 4103 conventum,
744 4031 822 4113 quia
849 4029 1005 4091 bonorum
1036 4048 1109 4111 quae
1139 4028 1315 4092 distrahere

364 4129 554 4194 moliebatur
574 4141 685 4193 auctor
707 4152 775 4193 esse
801 4129 915 4203 renuit,
940 4128 1080 4209 militari,
1102 4129 1189 4214 quod
1217 4128 1316 4213 vulgo

366 4231 680 4310 notumest,cinxerit
690 4230 901 4306 obsidione,et
911 4228 1174 4294 conficereinedia
1183 4241 1315 4293 conatus

367 4331 415 4395 sit.
453 4331 551 4396 Periit
574 4330 773 4415 hospitalitas
788 4333 820 4395 in
836 4330 947 4395 diebus
967 4330 1046 4415 ejus,
1064 4353 1136 4414 quae
1150 4329 1314 4415 quondam
1384 4410 1387 4414 ¹
