3034 5200
264 692 372 769 noa]
637 711 817 756 EPlsTOLAE.
1154 700 1210 758 171

261 946 481 1010 EPISTOLA
505 946 774 1010 cotula-in
787 964 973 1010 aoaaasou
987 967 1030 1010 oe
1047 966 1215 1011 LIMESEIA.

624 1046 668 1125 [a.
686 1067 717 1108 n.
737 1047 845 1126 1168]

499 1232 589 1293 Idem
606 1231 740 1293 Roberto
756 1230 794 1291 de
810 1228 977 1292 limeseia.

305 1365 457 1428 Vacuus
474 1362 545 1426 fuco
560 1374 658 1436 caret,
671 1372 704 1425 et
719 1360 860 1425 amicitia
873 1360 961 1447 loqui
977 1383 1039 1425 non
1056 1363 1143 1427 novit
1157 1364 1218 1428 nisi

262 1465 341 1528 facie
358 1462 506 1528 revelata.
541 1463 590 1526 Ad
606 1463 745 1526 amicum
760 1462 868 1548 itaque
881 1463 1014 1548 loquens
1028 1463 1060 1526 in
1075 1465 1218 1548 veritate,

262 1588 373 1650 precor
384 1577 420 1628 ut
434 1565 541 1628 latoris
553 1565 757 1650 praesentium
771 1565 888 1650 dirigas
899 1566 974 1639 vias,
986 1577 1018 1630 et
1034 1589 1218 1651 promoveas

263 1667 426 1750 negotium
443 1669 512 1752 ejus
533 1667 681 1750 quoniam
699 1667 786 1753 pium
803 1680 860 1732 est.
898 1672 1041 1751 Rogatus
1056 1691 1126 1731 sum
1143 1669 1219 1732 scri-

265 1767 340 1830 bere
356 1767 486 1830 domino
502 1767 642 1832 Winton.
658 1778 691 1830 et
710 1767 844 1853 proelio
865 1767 1074 1849 intercedere,
1089 1770 1144 1854 qui
1160 1791 1218 1855 pro

264 1893 317 1934 me
333 1869 504 1955 quicquam
520 1881 628 1955 petere
650 1891 776 1954 semper
791 1869 905 1933 erubui
925 1880 958 1933 et
973 1870 1135 1935 erubesco.
1175 1871 1219 1935 Et

264 1971 394 2057 quidem
416 1972 488 2035 Deo
509 1971 625 2056 gratias
651 1993 721 2054 ago,
748 1971 833 2056 quod
856 1981 922 2036 tam
945 1972 1122 2037 clementer
1146 1995 1219 2058 pro·

265 2074 367 2159 spexit
382 2074 561 2138 necessitati
577 2096 669 2148 meae,
683 2083 719 2136 ut
733 2094 786 2135 me
799 2095 858 2136 nec
870 2073 1051 2138 mendicare
1063 2086 1219 2159 oporteat,

265 2199 325 2240 nec
341 2176 448 2240 multis
464 2188 574 2240 tenear
589 2176 757 2259 obligatus.
805 2175 919 2239 Paucis
941 2175 1026 2238 enim
1043 2188 1218 2241 nostratum

266 2278 436 2364 quicquam
452 2278 554 2341 debeo
570 2288 687 2362 praeter
698 2276 862 2340 caritatem
880 2299 976 2362 quam
993 2277 1141 2342 omnibus
1155 2301 1219 2343 non

266 2380 384 2444 debere
411 2401 474 2441 uon
498 2389 602 2462 potest
628 2376 835 2441 Christianus.
882 2379 1045 2442 Caeterum
1071 2381 1221 2446 dominus

268 2486 431 2558 Cantuar,
461 2480 534 2543 exul
564 2489 597 2542 et
626 2478 818 2562 proscriptus
843 2501 900 2563 pro
931 2481 1051 2544 tuenda
1072 2481 1220 2546 libertate

268 2581 412 2647 ecclesiae
427 2590 461 2645 et
482 2579 569 2660 cleri,
583 2579 732 2644 omnibus
754 2579 885 2665 quidem
902 2581 1028 2658 militat,
1044 2572 1221 2649 sedadhuc

268 2684 433 2770 stipendiis
448 2683 523 2761 suis,
539 2696 572 2746 et
587 2682 697 2746 multis
712 2682 900 2747 coexulibus
914 2697 1062 2749 oneratus
1078 2699 1134 2751 est.
1178 2686 1221 2750 Et

267 2810 368 2875 quum
380 2785 539 2849 Dominus
555 2796 629 2850 tuus
639 2784 809 2849 subveniat
820 2784 900 2863 aliis,
912 2787 1018 2851 nescio
1034 2787 1089 2850 ubi
1102 2787 1221 2851 elemo-

268 2912 361 2975 synas
378 2911 449 2953 suas
472 2888 569 2973 possit
586 2886 701 2951 melius
723 2898 756 2951 et
778 2887 941 2954 honestius
957 2889 1121 2956 collocare.
1167 2895 1221 2957 Da

269 3013 343 3074 ergo
359 3012 499 3075 operam,
516 3000 551 3053 ut
566 2991 597 3053 ei
611 3009 706 3073 opem
720 2987 811 3053 serat.

292 3369 512 3433 EPISTOLA
536 3368 786 3433 CCLXV.-uu
801 3387 987 3434 nonnarum
1001 3392 1139 3440 sacam.
1157 3396 1199 3440 ne

534 3489 686 3532 suanum.
732 3474 778 3548 [a.
796 3490 825 3532 n.
847 3472 955 3551 noa]

416 3716 418 3720 Ι
441 3639 531 3700 Idem
548 3638 682 3699 Roberto
697 3637 933 3700 Archidiacorro
947 3638 1045 3701 Surr.

314 3775 414 3835 Hauc
436 3768 520 3832 inter
537 3768 655 3832 amicos
677 3767 756 3832 ratio
777 3767 917 3853 praefinit
935 3768 1051 3852 legem,
1068 3783 1105 3836 ut
1119 3772 1160 3837 ab
1174 3772 1226 3839 in.

271 3872 371 3935 vicem
383 3891 447 3933 nou
460 3870 519 3933 uisi
529 3869 661 3932 honesta
672 3881 835 3953 petantur:
856 3879 899 3948 et,
910 3868 935 3932 si
948 3868 1113 3937 inhonesta
1125 3875 1226 3959 petita

272 3972 400 4052 suerint,
419 3992 483 4034 non
504 3970 723 4035 admittentur.
770 3970 838 4035 Ubi
860 3982 967 4036 autem
984 3973 1078 4037 amici
1099 3974 1226 4057 petitio·

271 4072 365 4135 nibus
386 4072 533 4135 honestas
548 4070 745 4155 suffragatur,
762 4082 796 4134 et
818 4093 871 4134 eas
886 4072 1076 4136 admittendi
1092 4072 1226 4141 facultas

274 4171 425 4257 suppetit,
448 4173 649 4237 adhibendus
664 4185 712 4236 est
734 4171 803 4234 sine
823 4170 1009 4236 difficultate
1035 4193 1224 4241 consensus:

223 4266 226 4270 ’
272 4285 305 4334 et
328 4271 554 4355 adimpletione
573 4272 648 4350 voti,
671 4272 696 4336 si
712 4280 817 4357 potest
839 4270 919 4350 fieri,
934 4269 1160 4364 praevenienda
1177 4288 1226 4341 est
