3034 5200
257 729 365 810 1170.]
651 746 832 794 nrisronn.
1145 738 1208 797 227

264 968 485 1082 EPlSl'OLA
508 1018 777 1083 COXCIV.-nn
792 1034 977 1080 nonunrmu
992 1035 1184 1082 sacarsrau.

618 1121 664 1196 [a.
675 1137 706 1181 n.
726 1118 834 1197 1170.]

515 1269 605 1333 Idem
620 1269 757 1333 Roderto
772 1269 935 1333 Sacristc.

295 1396 524 1457 Dnvorrounu
549 1415 647 1478 quarn
672 1391 771 1456 habes
797 1392 838 1455 ad
864 1414 915 1454 me
940 1391 1075 1457 nuncius
1101 1408 1204 1459 vester

251 1491 419 1577 diligenter
442 1494 604 1578 exposuit,
626 1504 658 1556 et
681 1515 816 1556 menon
839 1491 1040 1558 mediocriter
1062 1494 1101 1557 ad
1125 1496 1205 1559 refe-

251 1593 366 1658 rendas
375 1594 494 1679 gratias
505 1606 661 1680 quantum
672 1593 777 1659 verbis
787 1594 895 1679 potuit
906 1593 1070 1680 obligarit.
1094 1598 1201 1673 Quum

251 1697 335 1757 enim
358 1715 409 1756 me
432 1707 521 1758 tanto
542 1694 628 1758 exilii
651 1706 794 1781 tempore
817 1709 939 1759 veteres
960 1695 1052 1758 amici
1075 1719 1203 1781 prorsus

249 1795 412 1860 omiserint
423 1808 455 1860 et
467 1796 722 1881 contempserint,
735 1795 798 1861 illis
813 1795 870 1880 qui
885 1794 996 1860 saltem
1013 1796 1095 1859 bona
1107 1798 1204 1862 verba

250 1897 312 1961 sub
328 1896 386 1960 hac
401 1908 588 1983 tempestate
607 1898 793 1984 proscriptis
806 1899 1040 1963 communicant
1055 1898 1104 1962 his
1119 1922 1201 1984 quos

249 1997 302 2062 alii
316 2012 583 2085 contempserunt,
598 2002 775 2086 praesertim
791 2022 893 2085 quum
902 1999 1038 2064 facultas
1049 2023 1111 2064 non
1127 2024 1202 2087 sup-

249 2112 337 2186 petat
361 2113 398 2165 ut
413 2124 466 2166 cos
487 2125 582 2188 opere
604 2103 817 2180 consolentur,
832 2101 1003 2166 amicitiam
1019 2115 1114 2187 prout
1130 2126 1202 2189 pos

250 2215 336 2278 sunt,
357 2202 507 2269 videntur
528 2203 641 2284 colere,
656 2216 688 2268 et
711 2202 894 2269 ulteriorem
916 2206 1053 2288 gratiam
1077 2226 1201 2290 prome·

249 2304 331 2368 reris
359 2304 384 2368 si
408 2305 537 2392 quidem
564 2307 657 2382 ratio,
683 2328 746 2369 non
772 2304 878 2368 minus
898 2305 1076 2370 animorum
1102 2330 1200 2392 quam

248 2428 354 2469 rerum
367 2431 372 2443 ·
385 2419 496 2491 pensat
525 2405 696 2491 impendia.
746 2408 928 2492 Censetque
956 2408 1200 2492 praeponderare

249 2505 370 2572 lancem
386 2529 459 2591 quae
475 2505 611 2571 solidata
628 2506 760 2571 caritate
775 2506 933 2592 repletura
956 2521 988 2572 et
1003 2530 1077 2593 quae
1091 2531 1197 2574 rerum

250 2607 411 2672 levitatem
427 2609 567 2695 praefert,
581 2621 613 2673 et
628 2608 712 2673 fictae
727 2608 904 2675 dilectionis
919 2609 1105 2674 umbratiles
1119 2633 1200 2695 prae-

248 2708 351 2775 tendit
365 2710 527 2794 imagines,
541 2710 709 2796 suspendit
723 2711 755 2775 in
772 2733 873 2776 auras.
903 2712 1107 2775 Perseverate
1122 2735 1199 2797 ergo

247 2810 280 2874 in
302 2835 339 2875 eo
361 2813 449 2897 quod
471 2813 607 2878 fideliter
628 2813 802 2900 incepistis,
824 2826 855 2879 et
878 2813 1077 2878 devotionem
1099 2837 1198 2900 quam

245 2915 329 2997 patri
340 2928 445 2980 restro
456 2916 588 2999 debetis,
597 2929 628 2981 et
640 2916 780 2980 ecclesiae
791 2915 948 2981 laboranti
959 2918 1110 2980 continua
1121 2919 1202 2981 cari-

247 3014 322 3078 tatis
336 3014 530 3080 exhibitione
543 3018 691 3102 quotiens
705 3016 804 3081 fuerit
823 3027 1040 3101 opportunum
1056 3015 1197 3100 proferte

246 3113 278 3176 in
294 3113 414 3179 lucem:
440 3128 476 3180 ut
497 3128 561 3181 tam
577 3142 596 3181 a
610 3123 680 3184 Deo
701 3140 799 3203 quam
813 3117 939 3203 abipso
959 3116 1196 3205 archiepiscopo

247 3214 337 3279 vobis
357 3215 390 3278 in
411 3216 617 3281 retributione
632 3217 720 3281 verbi
742 3217 973 3303 respondeatur
991 3240 1051 3303 pro
1065 3219 1196 3284 meritis.

247 3315 343 3389 Quod
366 3320 437 3380 Deo
462 3317 656 3403 propitiante
679 3317 828 3382 futurum
854 3331 1001 3403 speratur
1027 3320 1059 3382 in
1086 3320 1193 3385 brevi:

246 3419 406 3502 quianon
428 3418 569 3483 creditur
590 3418 676 3504 apud
699 3442 756 3484 nos
778 3418 867 3504 quod
888 3441 953 3505 pax
977 3420 1116 3485 ecclesia
1137 3419 1195 3483 diu

245 3518 364 3585 differri
379 3522 488 3608 possit.
531 3521 593 3586 Sed
609 3534 640 3586 et
656 3500 737 3586 hand
752 3520 795 3585 ad
808 3522 960 3586 honorem
975 3520 1037 3586 Dei
1051 3534 1083 3583 et
1097 3520 1195 3583 eccle·

244 3621 298 3687 siae
321 3622 491 3687 utilitatem
514 3622 655 3689 creditur
674 3635 913 3709 proventuram,
928 3643 990 3684 non
1011 3633 1047 3685 ut
1061 3618 1194 3704 quidam

243 3724 367 3789 mentiti
377 3738 451 3789 sunt
467 3725 499 3788 iu
511 3724 725 3788 confusionem
742 3723 862 3787 domini
875 3725 1028 3789 Cantuar.
1040 3734 1071 3784 et
1084 3743 1194 3785 eorum

243 3825 299 3910 qui
321 3849 379 3912 pro
398 3827 526 3914 justitia
549 3826 758 3890 decreverunt
781 3846 910 3910 ponere,
933 3823 959 3886 si
980 3844 1062 3908 opus
1084 3822 1195 3903 fuerit,

242 3926 361 3992 animas
377 3951 460 3993 suas.
506 3929 573 3991 Nec
595 3925 730 3994 doleatis
753 3927 779 3991 si
802 3924 1071 4008 Rothomagensis
1093 3924 1194 3987 archi-

244 4027 410 4115 episcopus
424 4042 457 4094 et
470 4029 639 4115 episcopus
660 4028 867 4093 Niveruensis
887 4028 921 4090 in
936 4025 1086 4111 Angliam
1101 4046 1194 4088 vene·

242 4127 321 4193 rint:
339 4152 420 4212 quos
435 4135 517 4197 sicut
527 4155 587 4217 pro
601 4130 730 4196 ecclesia
744 4128 930 4215 plurimum,
940 4127 987 4192 ita
1000 4145 1111 4192 contra
1124 4147 1194 4190 eam

245 4234 295 4293 vel
319 4229 481 4297 dominum
505 4238 659 4299 Cantuar.
679 4245 735 4297 aut
758 4254 833 4296 suos
852 4229 932 4293 nihil
953 4232 1080 4294 omnino
1101 4249 1193 4313 posse

241 4336 453 4402 certissimum
468 4348 525 4401 est.
572 4335 634 4399 Sed
650 4358 707 4399 nec
721 4357 776 4398 eos
792 4333 871 4398 velle
886 4353 997 4396 nocere
1013 4330 1189 4396 credimus:

688 4442 743 4508 αἳ
