3034 5200
281 713 390 792 ilua]
667 730 846 777 aersroma.
1191 722 1231 783 75

276 889 364 945 retur
386 881 421 947 in
447 881 579 961 mundo,
605 882 790 948 obfuscetur
812 882 940 947 claritas
960 883 1101 949 nominis
1124 887 1230 950 restfu

279 982 363 1049 Haec
380 981 466 1050 enim
481 992 555 1050 sunt
570 1005 668 1067 opera
682 1005 803 1060 eorum,
815 984 871 1067 qui
886 992 942 1048 aut
956 985 1060 1066 legem
1076 986 1234 1062 nesciunt,

277 1092 334 1146 aut
361 1083 440 1163 legis
461 1083 639 1147 Dominum
662 1103 729 1149 non
752 1094 905 1146 serentur.
950 1085 1017 1147 Vos
1039 1097 1144 1149 autem
1167 1106 1233 1150 non

277 1182 336 1261 sic,
352 1180 443 1266 cujus
458 1181 557 1248 fidem
572 1191 605 1246 et
618 1182 820 1266 prudentiam
839 1181 921 1246 adeo
937 1181 1100 1248 Dominus
1114 1206 1231 1268 appro-

277 1283 377 1363 bavit,
405 1294 442 1349 ut
463 1306 520 1350 vos
547 1285 710 1370 incapite
740 1283 852 1348 mundi
876 1305 973 1369 super
1002 1287 1231 1356 candelabrum

201 1428 205 1440 ι
277 1405 408 1449 aureum
431 1398 552 1470 septem
571 1384 792 1470 lampadarum
814 1396 969 1469 tauquam
989 1387 1153 1450 lucernam
1174 1409 1234 1452 ox·
1337 1370 1344 1386 ⁸

279 1485 387 1550 imiam
410 1488 592 1565 collocaret,
607 1487 711 1571 utqui
732 1483 954 1568 ingrediuntur
968 1489 1076 1550 lumen
1092 1487 1233 1554 videant.

281 1587 320 1650 In
352 1609 409 1651 vos
439 1608 514 1669 ergo
543 1588 686 1653 omnium
715 1588 801 1651 oculi
833 1588 1024 1669 diriguntur,
1056 1587 1234 1673 timentque

282 1686 411 1770 plurimi
426 1709 467 1750 no
482 1687 597 1753 lucifer
612 1687 719 1752 denuo
735 1697 875 1752 tentatus
892 1690 1099 1770 extinguatur
1112 1700 1145 1753 et
1164 1711 1234 1754 cor·

281 1799 362 1868 ruat,
378 1789 468 1855 veriti
483 1810 525 1852 ne
538 1789 746 1869 familiaritas,
762 1811 857 1874 quam
872 1811 945 1855 cum
961 1812 1049 1871 rege,
1059 1801 1095 1853 ut
1110 1790 1237 1868 dicitur,

282 1891 413 1954 ulterius
435 1892 653 1969 contruxistis,
678 1893 769 1983 vobis
792 1892 833 1956 sit
854 1893 985 1956 occasio
1015 1890 1233 1976 delinquendi.

280 1992 327 2055 Et
340 1995 483 2076 profecto

387 2110 471 2163 Omne
481 2109 562 2161 animi
572 2109 665 2162 vitium
677 2113 752 2163 tanto
763 2109 926 2180 conspectius
937 2109 965 2162 in
976 2125 1005 2162 se

385 2194 496 2264 Crimen
503 2194 595 2259 habet,
606 2199 705 2263 quanto
716 2194 800 2265 major
811 2194 856 2263 qui
867 2199 959 2266 peccat
969 2193 1090 2249 habetur.

282 2297 440 2362 Caetcrum
454 2318 515 2378 ego
529 2295 660 2359 interim
675 2315 771 2377 spero
783 2293 871 2378 quod
880 2293 952 2358 haec
963 2295 1060 2359 vestri
1071 2306 1104 2359 et
1114 2295 1236 2359 domini

280 2399 366 2478 regis
380 2397 588 2474 familiaritas,
602 2417 674 2479 quae
689 2396 799 2458 multis
813 2394 896 2459 adeo
911 2405 1063 2479 suspecta
1078 2407 1137 2475 est,
1151 2397 1237 2461 fruc·

282 2509 376 2562 tuosa
389 2499 449 2561 erit
471 2499 627 2575 ecclesiae,
641 2497 820 2571 necessaria
841 2497 947 2576 nobis,
970 2498 1107 2562 salubris
1129 2499 1187 2575 illi,
1204 2508 1239 2563 et

282 2602 375 2665 vobis
389 2601 536 2683 gloriosa.
582 2601 619 2665 Si
632 2601 717 2666 euim
733 2621 791 2663 vos
805 2596 952 2677 audierit,
961 2601 994 2663 in
1006 2622 1046 2664 eo
1057 2600 1145 2685 quod
1154 2600 1239 2685 juris

282 2702 457 2767 necessitas
479 2703 575 2786 cogit,
598 2712 631 2767 et
645 2700 733 2786 quod
754 2702 824 2765 sine
847 2702 957 2776 salutis
979 2724 1045 2766 suae
1067 2701 1236 2785 dispendio

281 2804 382 2870 vitare
397 2825 461 2871 non
476 2815 592 2889 potest,
607 2802 824 2888 proculdubio
835 2803 1018 2886 prenitebit,
1033 2804 1240 2873 confitebitur

284 2907 423 2988 culpam,
438 2915 470 2969 et
485 2906 649 2970 humiliter
670 2904 873 2969 satisfaciens
895 2904 1055 2983 ecclesie,
1076 2924 1191 2987 pacem
1206 2913 1240 2967 et

282 3006 463 3070 libertatem
485 3006 579 3069 nobis
602 3005 751 3068 omnibus
766 3006 874 3068 ablata
895 3025 970 3068 cum
991 3004 1175 3087 integritate
1190 3025 1238 3069 re·
1329 3058 1332 3066 .

283 3106 405 3183 stituet,
419 3117 452 3169 et
466 3107 637 3170 fraternum
652 3105 763 3170 odium
785 3105 824 3171 de
844 3104 941 3169 corde
959 3127 1088 3189 prorsus
1111 3107 1235 3172 avellet.

289 3204 442 3287 Alioquin
458 3205 529 3288 quis
544 3226 616 3268 eum
632 3204 752 3288 eripere
768 3215 875 3289 potest
889 3226 909 3269 a
922 3207 1039 3288 laqueo
1053 3205 1182 3270 mortis?

332 3304 407 3368 Scio
422 3305 544 3388 utique,
560 3305 711 3388 quoniam
724 3304 943 3371 indubitanter
957 3327 1064 3371 verum
1079 3318 1129 3371 est
1144 3308 1241 3374 etiam

288 3418 322 3471 et
335 3406 546 3485 notissimum,
561 3402 649 3489 quod
664 3427 724 3469 nec
739 3406 856 3471 Petrus
876 3407 948 3490 ipse
971 3406 1056 3471 banc
1079 3410 1242 3493 accepite

288 3508 431 3576 Domino
441 3517 641 3591 potestatem,
655 3518 691 3571 ut
702 3508 941 3591 impoenitentcs
951 3508 1056 3591 possit
1065 3510 1242 3588 absolvere,

280 3620 320 3676 et
333 3609 545 3694 proculdubio
558 3618 695 3688 constat,
711 3611 786 3692 quia
795 3610 825 3673 si
839 3610 1006 3673 resablata
1019 3608 1111 3672 reddi
1123 3619 1240 3693 potest,

250 3697 254 3706 ’
285 3722 319 3777 et
332 3732 399 3775 non
421 3709 573 3787 redditur,
588 3731 654 3777 non
676 3712 779 3793 agitur
800 3709 1002 3795 poenitentia,
1026 3708 1084 3773 scd
1098 3710 1240 3795 fingitur.

287 3813 355 3879 Ubi
364 3822 470 3877 autem
483 3811 639 3895 principis
650 3814 869 3896 apostolorum
879 3809 1047 3876 cohibetur
1056 3814 1241 3889 auctoritas,

287 3915 376 3981 nulla
396 3913 519 3978 ratione
546 3912 736 3977 crediderim
761 3913 986 3978 convalescere
1013 3934 1108 3997 posse
1135 3914 1241 3997 cujus-

288 4003 745 4099 quamhominispotestatam.
782 4015 899 4078 Fateor
910 4025 1016 4079 autem
1026 4024 1059 4077 et
1071 4033 1178 4075 verum
1190 4024 1239 4077 est

288 4114 419 4181 domino
446 4115 525 4197 regi,
554 4124 666 4199 utpote
696 4114 923 4196 gloriosissimo
947 4113 1100 4197 principi,
1130 4131 1239 4190 quam-
1330 4120 1334 4130 “

287 4217 457 4297 plurimum
472 4216 690 4294 deferendum,
705 4216 763 4279 sed
777 4217 822 4280 ita
833 4229 868 4279 ut
886 4218 976 4280 Deus
987 4235 1048 4277 nec
1063 4214 1097 4276 in
1109 4211 1241 4280 minimo

290 4318 474 4384 offendatur.
507 4319 658 4401 Alioquin
670 4317 796 4401 species
806 4316 995 4383 idololatriae
1007 4325 1055 4378 est
1064 4313 1123 4383 ¹sub
1136 4310 1240 4395 cujus-
