3034 5200
288 743 401 829 ilua]
694 756 871 800 amsroma.
1184 737 1244 796 133

284 929 348 979 tem
371 926 402 978 et
426 932 633 998 generosum:
660 908 720 972 sibi
746 929 819 970 vero
840 919 873 969 et
896 906 961 969 suis
982 904 1104 967 exitum
1133 917 1240 990 patere

285 1038 345 1101 pro
360 1013 464 1079 libitu.
512 1012 651 1075 Tantam
665 1007 797 1095 quidem
813 1006 1029 1071 adhibuerunt
1044 1003 1241 1091 diligentiam

281 1117 447 1182 obsidibus
463 1111 647 1191 retinendis,
661 1124 698 1174 ut
715 1110 871 1174 nemiuem
891 1109 1111 1194 permitterent
1132 1108 1241 1194 egredi

284 1219 340 1306 qui
358 1218 471 1283 Italice
493 1217 688 1302 loqueretur.
738 1218 916 1297 Imperator
937 1223 1056 1290 autem,
1078 1223 1241 1296 assumpto

290 1322 406 1386 babitu
418 1318 597 1397 servientis,
619 1315 712 1402 quasi
737 1328 774 1378 ut
797 1313 933 1399 alicujus
956 1312 1063 1397 magni
1086 1313 1145 1376 viri
1169 1335 1241 1397 pro-

287 1437 412 1488 curaret
442 1419 629 1507 hospitium,
660 1440 732 1482 cum
763 1415 831 1482 aliis
861 1415 1005 1502 quinque
1031 1416 1240 1480 servientibus

286 1540 384 1590 noctu
408 1545 557 1609 egressus
582 1535 640 1601 est,
664 1521 756 1586 laetus
779 1518 867 1605 quod
890 1519 918 1581 ei
944 1518 1011 1582 fata
1026 1530 1241 1582 concesserant

291 1626 418 1692 Italiam
441 1623 586 1709 perdere,
610 1644 703 1708 quarn
727 1621 929 1686 demeruerat
952 1621 1072 1686 divitus
1097 1620 1243 1686 retinere.

292 1724 373 1789 Inde
394 1724 549 1789 transiens
572 1722 797 1809 Chrysopolim
819 1745 908 1786 suam
928 1723 1070 1787 turbavit
1092 1726 1244 1806 Burgun-

291 1827 388 1903 diam,
419 1825 602 1912 proceribus
631 1825 792 1889 intentans
813 1825 934 1888 minas:
965 1836 997 1888 et
1027 1823 1244 1908 progrediens,

291 1927 506 1994 Alemanniam
530 1939 561 1990 et
587 1925 755 1991 Saxoniam
779 1948 875 2011 supra
890 1926 1021 1992 modum
1037 1925 1181 1990 turbatas
1196 1948 1243 1988 re-

290 2030 383 2115 perit,
406 2042 437 2093 et
460 2029 591 2092 fratrem
613 2050 706 2092 suum
728 2027 825 2092 sentit
844 2050 909 2113 prae
930 2026 1051 2091 caeteris
1070 2025 1243 2101 inimicum,

291 2154 391 2217 quum
401 2143 506 2196 tamen
519 2130 547 2194 ei
558 2129 690 2217 plurimi
702 2129 921 2194 adversentur.
960 2131 1059 2193 Porro
1072 2127 1245 2192 Lombardi

291 2247 362 2319 post
383 2253 545 2318 egressum
566 2234 637 2318 ejus
658 2230 869 2295 Blandratum
890 2230 1071 2306 diruerunt,
1094 2229 1245 2293 extractis

291 2334 364 2399 inde
373 2333 539 2398 obsidibus
555 2333 611 2418 qui
622 2332 668 2397 ibi
677 2331 776 2395 relicti
788 2345 889 2410 erant,
899 2344 932 2395 et
942 2331 1115 2396 interfectis
1126 2333 1246 2417 Teuto-

292 2437 371 2501 nicis
385 2436 452 2499 fere
467 2433 615 2497 omnibus
626 2456 708 2519 quos
716 2433 756 2495 ad
768 2434 945 2498 custodiam
955 2436 1050 2498 castri
1061 2433 1245 2497 deseruerat

294 2539 476 2624 imperator.
522 2538 641 2601 Decem
664 2546 772 2598 autem
795 2536 1005 2601 nobilissimos
1020 2550 1052 2601 et
1074 2536 1246 2602 ditissimos
1354 2540 1358 2547 '

295 2642 485 2706 Alemannos
507 2636 677 2715 dederunt,
692 2639 725 2702 in
747 2639 895 2703 solatium
916 2639 1031 2717 mariti,
1048 2640 1140 2703 uxori
1161 2640 1246 2703 illius

297 2742 472 2807 Brixiensis
493 2764 588 2828 quern
621 2763 718 2825 supra
739 2764 840 2828 prope
872 2741 1031 2805 Secusiam
1058 2762 1246 2826 suspensum

295 2843 403 2921 retuli,
419 2857 454 2907 ut
477 2842 543 2919 illa,
561 2853 655 2927 prout
678 2840 820 2917 libuerit,
841 2864 894 2904 eos
909 2855 966 2907 aut
986 2842 1171 2927 suspendat,
1190 2854 1246 2904 aut

294 2956 459 3031 perpetuae
467 2944 616 3029 subjiciat
624 2941 838 3021 servituti,vel
849 2942 1248 3029 redemptionemaccipiat.

296 3043 424 3107 Exinde
446 3043 562 3106 damna
585 3040 687 3106 multa
710 3042 883 3105 marchioni
910 3042 1062 3107 dicuntur
1083 3045 1246 3108 intulisse:

296 3157 328 3209 et
343 3165 429 3207 nunc
451 3165 560 3206 rumor
576 3157 624 3207 est
639 3166 693 3206 eos
714 3142 859 3207 obsidere
875 3144 1015 3231 Papiam.
1060 3148 1105 3210 Et
1125 3159 1247 3212 certum

301 3258 349 3310 est
376 3244 464 3331 quod
494 3243 665 3329 Papienses
688 3245 757 3330 jam
788 3245 820 3308 in
844 3245 1065 3311 Alemanuiam
1095 3252 1250 3313 miserunt

299 3347 429 3412 nuntios
455 3346 651 3434 imperatori,
674 3346 897 3413 denuntiantes
922 3349 1009 3435 quod
1034 3348 1093 3413 nisi
1120 3351 1249 3415 redierit

298 3463 330 3515 et
341 3472 435 3534 opem
446 3448 566 3528 tulerit,
578 3448 665 3512 nulla
676 3448 798 3513 ratione
809 3463 961 3536 poterunt
973 3450 1096 3515 diutius
1106 3457 1251 3519 resistere

298 3550 490 3615 civitatibus.
811 3612 814 3616 .

342 3650 563 3715 Haeresiarcha
586 3654 766 3718 Cremensis
790 3654 903 3717 Romae
924 3667 971 3717 est
995 3655 1081 3739 apud
1105 3675 1249 3721 sanctum

298 3757 442 3829 Petrum,
471 3754 528 3818 ubi
558 3776 632 3817 eum
663 3755 802 3818 Romani
833 3756 949 3818 morari
978 3756 1146 3841 patiuntur
1171 3761 1252 3824 inito

300 3854 487 3919 commercio
509 3853 550 3918 de
566 3853 736 3918 reddendis
750 3856 886 3940 captivis
901 3856 986 3922 suis:
1018 3859 1072 3922 sed
1089 3874 1193 3924 tamen
1218 3874 1253 3925 ut

299 3957 389 4021 aiunt
406 3955 552 4020 recedere
566 3978 628 4018 non
640 3968 837 4041 paterentur.
876 3960 1055 4045 Episcopus
1066 3961 1253 4025 Albanensis

301 4058 422 4122 domini
447 4080 540 4142 papae
566 4056 650 4120 vices
676 4058 742 4142 agit
770 4062 802 4121 in
833 4060 929 4123 urbe:
968 4074 1000 4123 et
1027 4061 1053 4123 si
1082 4060 1255 4124 Lombardi

303 4158 436 4241 Papiam
469 4155 619 4242 ceperint,
649 4180 720 4242 spes
757 4176 805 4221 est
837 4159 1020 4222 Guidonem
1053 4159 1255 4225 Cremensem

306 4268 435 4340 captum
450 4259 501 4337 iri,
515 4271 547 4323 et
571 4261 657 4345 quod
672 4283 734 4323 non
753 4259 847 4322 modo
862 4261 998 4323 Romani
1019 4280 1138 4337 omnes,
1154 4260 1209 4323 sed
1224 4278 1256 4328 et

308 4357 429 4424 Tuscia
443 4372 511 4423 tota
527 4361 740 4426 schismaticos
762 4361 975 4445 impugnabit.
1021 4360 1136 4425 Adhuc
1155 4375 1260 4431 antem
