3034 5200
311 708 373 766 158
578 721 715 765 somn
728 719 1010 764 santsnrnrnxsn
1165 703 1213 781 [s.
1229 719 1262 767 o.
1373 688 1376 692 ’

310 871 454 935 homines
478 886 511 932 et
537 869 620 932 forte
641 893 705 932 non
727 873 792 933 eris
816 870 1007 933 excusabili<
1029 870 1117 952 apud
1141 871 1263 935 Deun.

312 976 428 1056 Neque
454 993 580 1035 necesse
606 986 656 1035 est
679 971 906 1035 beneficiorum
936 994 1012 1056 quae
1037 972 1097 1035 tibi
1126 974 1266 1037 contulit

311 1088 403 1159 pater
425 1073 497 1158 ejus
519 1095 605 1135 nunc
630 1073 794 1136 historiam
821 1086 947 1136 texere:
982 1075 1062 1157 quia
1090 1073 1168 1135 dum
1197 1075 1266 1136 sani

310 1175 425 1261 eapitis
451 1175 564 1255 fueris,
584 1196 761 1260 numquam
791 1173 940 1238 excident
970 1199 991 1237 a
1014 1178 1167 1238 memoria
1196 1189 1267 1240 tua.

311 1277 521 1361 Chirurgioos
533 1275 665 1361 quidem
678 1276 826 1339 duriores
839 1290 873 1340 et
886 1276 1076 1339 inhumanos
1091 1278 1268 1340 audieram.

313 1380 376 1444 Sed
394 1380 481 1445 aliod
501 1379 695 1443 medicorum
716 1401 820 1464 genus
837 1393 1021 1443 mansrretoe
1039 1392 1072 1442 et
1093 1379 1188 1443 mites
1208 1381 1269 1443 hu-

311 1481 458 1545 manitati
469 1504 599 1567 operam
614 1480 709 1543 dare:
734 1503 797 1543 non
816 1480 1009 1543 humanitati
1025 1479 1100 1543 dioo
1116 1502 1266 1561 generan-

312 1583 605 1647 dorumoarnaliter
615 1581 795 1645 hominum:
811 1582 943 1666 sedqua
951 1580 1078 1645 mollius
1088 1593 1268 1643 tractantur

313 1685 403 1769 aegri,
416 1686 475 1769 qui
496 1684 737 1768 orxnpatiuntur
757 1682 902 1761 infirmis,
921 1705 988 1768 qua
1008 1696 1196 1745 consuetum
1218 1694 1267 1742 est

313 1785 457 1848 homines
469 1784 689 1867 indigentibus
701 1784 883 1849 subvenire.
927 1782 1114 1867 Philosophi
1129 1804 1268 1865 namque

313 1884 474 1949 diffiniunt
490 1883 720 1946 humanitatem
735 1908 804 1948 esse
819 1886 971 1949 virtutem
986 1907 1062 1970 quae
1075 1882 1217 1946 consistit
1231 1883 1266 1944 io

314 1984 523 2050 miserationis
543 1984 671 2061 affectu,
685 2007 783 2068 quam
805 2007 874 2070 prae
895 1985 1018 2049 ceteris
1033 1983 1217 2057 viantibus,
1232 1996 1265 2045 et

314 2110 382 2173 proe
405 2087 531 2151 caeteris
555 2085 744 2151 animalibus
769 2087 866 2150 homo
893 2110 913 2150 a
942 2088 1139 2171 parentibus
1162 2085 1268 2168 gratia

314 2187 462 2254 videlicet
477 2201 508 2252 et
524 2199 639 2251 natura
653 2187 760 2252 dotem
776 2190 908 2275 accepit.
946 2189 1033 2252 Mihi
1047 2189 1073 2251 si
1087 2187 1168 2273 quid
1181 2187 1268 2251 torte

314 2304 468 2379 peterem,
493 2293 576 2355 etsi
605 2313 758 2376 magnum
787 2306 882 2371 esset,
906 2292 1003 2358 credo
1027 2293 1164 2355 daturus
1185 2313 1268 2353 erae

315 2393 404 2460 Huic
426 2417 502 2480 ergo
530 2416 640 2481 qnoeso
664 2395 763 2460 facim
789 2398 874 2460 unde
899 2396 959 2461 tibi
988 2409 1021 2458 et
1050 2394 1129 2457 mihi
1150 2392 1268 2456 debeat

314 2497 489 2584 gratulari:
512 2511 545 2562 et
559 2521 620 2583 ego
634 2498 711 2563 mihi
732 2500 940 2587 personaliter
960 2501 1139 2585 impensum
1154 2497 1265 2562 multi·

314 2598 441 2687 pliciter
462 2601 523 2667 tlbi
548 2600 590 2665 ad
619 2603 756 2687 gratiam
786 2603 953 2689 reputabo.
1009 2605 1078 2666 Nec
1107 2616 1140 2664 te
1168 2601 1267 2665 tantis

315 2704 464 2789 precibus
484 2726 661 2783 onerarem,
684 2704 744 2767 nisi
766 2727 807 2767 ex
829 2716 903 2768 ante
924 2703 1000 2766 visis
1021 2701 1211 2765 confiderem
1235 2716 1268 2767 te

315 2827 443 2890 operam
474 2818 563 2870 tuom
592 2816 625 2869 et
654 2804 829 2890 impensam
857 2804 979 2869 utiliter
1009 2803 1171 2869 collocare.
1224 2804 1268 2867 Ei

315 2907 424 2993 aliqua
438 2909 479 2973 de
501 2908 653 2971 mandato
674 2929 746 2971 meo
766 2907 907 2992 gerenda
928 2921 1003 2972 sunt
1023 2930 1097 2994 quae
1112 2907 1171 2971 tibi
1185 2930 1271 2970 com-

317 3008 500 3072 municabit.
549 3010 588 3071 In
610 3008 728 3093 quibus
747 3032 860 3094 precor
876 3009 953 3094 (quo
967 3008 1046 3072 fiant
1060 3006 1269 3085 commodius)

316 3128 388 3170 eum
411 3108 544 3193 adjuves
565 3110 771 3193 exequendis.
816 3112 874 3186 Et,
891 3111 918 3173 si
939 3132 1105 3196 personam
1129 3122 1217 3174 tuam
1237 3106 1270 3171 in

316 3203 425 3288 aliquo
450 3207 567 3270 videris
596 3210 813 3287 necessariam,
844 3222 1006 3295 quatenus
1036 3223 1142 3273 tutum
1173 3209 1272 3273 fuerit

316 3301 426 3366 adesto
440 3305 586 3387 negotiis.
632 3306 754 3370 Valete.

345 3606 567 3670 EPISTOLA
591 3607 825 3671 corvi-n>
838 3624 1031 3668 wanrunuu
1048 3622 1242 3669 norrenses

567 3726 764 3771 aencorum
798 3708 885 3787 [no.
904 3706 1015 3786 1168]

514 3867 602 3928 Idem
621 3867 753 3929 Galtero
768 3868 904 3948 Rosensi
919 3867 1070 3949 episcopo.

362 3999 511 4075 Quanta
523 3996 586 4060 fide
601 4008 632 4060 et
648 3997 817 4061 devotione
832 3999 960 4063 domino
975 4021 1046 4064 meo
1062 3998 1152 4062 fratri
1166 4013 1271 4065 vestro

318 4122 420 4186 usque
439 4096 470 4162 in
486 4098 579 4163 finem
601 4111 633 4163 et
652 4111 723 4184 post
745 4099 839 4163 finem
856 4101 959 4165 carnis
980 4102 1151 4178 servierim,
1167 4115 1199 4166 et
1215 4125 1271 4166 vos

318 4206 342 4266 si
355 4202 486 4287 dignum
503 4200 621 4266 ducitis
633 4201 765 4288 potestis
778 4202 966 4279 meminisse,
982 4216 1013 4267 et
1025 4204 1146 4268 mundo
1157 4217 1268 4268 notum

318 4314 383 4365 ost:
409 4304 549 4387 mihique
565 4303 604 4366 de
623 4304 842 4368 benedictione
862 4327 953 4389 quam
980 4328 1159 4370 recessurus
1179 4306 1269 4390 quasi
