3034 5200
318 714 379 773 192
575 726 711 770 rossan
726 723 1004 769 sumnaamssrs
1170 711 1217 783 [s.
1235 730 1266 772 n,

313 875 537 964 propulsandis
558 877 650 939 amici
672 875 881 939 incommodis
905 876 1019 938 viderit
1042 877 1268 960 negligentem.

315 984 440 1046 Harum
471 979 530 1043 tibi
561 976 829 1062 contemplatione
855 999 1021 1040 causarum
1052 979 1111 1040 tibi
1138 980 1267 1042 tandem

313 1079 517 1146 scribendum
545 1083 663 1144 censui.
716 1079 814 1151 Quod
844 1095 948 1142 tamen
980 1079 1044 1142 tnis
1072 1097 1104 1142 et
1136 1096 1266 1144 tuorum

313 1181 425 1247 usibus
439 1180 541 1267 magis
562 1203 659 1265 quam
676 1182 754 1242 meis
768 1195 890 1244 certum
907 1181 948 1243 sit
970 1181 1131 1266 expedire.
1176 1184 1268 1247 Nibil

312 1288 396 1349 euim
412 1283 452 1348 de
466 1284 558 1348 bonis
572 1282 647 1362 tuis,
661 1281 782 1368 quibus
802 1306 860 1346 nec
882 1282 1012 1367 indigeo
1032 1284 1175 1368 quidem,
1191 1287 1268 1349 mibi

313 1386 501 1471 concupisco
523 1383 573 1449 rel
595 1387 701 1469 exigo,
721 1384 777 1447 sed
801 1399 837 1448 ut
860 1385 1035 1470 prospicias
1057 1386 1127 1449 tibi.
1173 1388 1267 1451 Nosti

314 1487 470 1574 siquidem
508 1485 595 1572 quod
630 1485 780 1548 dominus
815 1488 969 1550 Cantuar.
1001 1486 1059 1571 qui
1099 1488 1157 1551 tibi
1191 1490 1266 1574 jure

314 1589 483 1674 multiplici
506 1603 596 1673 pater
610 1603 643 1652 et
657 1586 805 1650 domiuus
819 1602 879 1663 est,
895 1588 961 1651 suis
982 1604 1015 1651 et
1037 1591 1142 1673 gentis
1156 1592 1267 1654 alienae

313 1691 479 1778 stipendiis
504 1713 576 1755 cum
602 1690 792 1774 gravissimo
817 1688 960 1773 periculo
982 1713 1041 1753 suo
1066 1705 1098 1754 et
1123 1694 1266 1756 omnium

313 1816 444 1858 suorum
460 1793 620 1856 ecclesiam
644 1792 707 1854 Dei
722 1815 742 1854 a
764 1792 916 1855 servitute
939 1794 1052 1856 nititur
1075 1793 1220 1869 liberare,
1235 1809 1267 1859 et

314 1894 369 1958 vix
396 1893 427 1956 in
453 1893 561 1980 aliquo
586 1892 727 1956 fidelium
756 1915 887 1956 suorum
913 1897 1030 1978 reperit
1057 1894 1165 1958 fidem.
1211 1897 1266 1958 Tu

315 2019 392 2081 ergo
406 1998 432 2062 si
447 1996 530 2081 sapis
547 1994 595 2057 vel
612 2016 695 2057 nunc
711 1994 788 2057 dum
811 1994 885 2057 licet
907 1995 1040 2078 provide
1064 1996 1134 2076 tibi,
1148 1996 1267 2060 redime

315 2095 509 2173 tarditatem,
523 2094 722 2156 communica
736 2096 973 2158 necessitatibus
988 2096 1058 2180 ejus
1074 2109 1109 2158 ut
1125 2096 1266 2159 consola-

315 2198 393 2260 tioni
420 2195 520 2279 possis
545 2195 786 2257 communicare.
840 2193 991 2279 Alioquin
1019 2196 1116 2258 timeo
1141 2219 1181 2259 ue
1207 2199 1265 2261 tibi

315 2296 467 2359 damnosa
481 2294 537 2358 fiat
552 2293 750 2358 familiaritas
770 2317 866 2381 quam
889 2318 962 2358 cum
985 2296 1268 2360 excommunicatis

315 2397 383 2484 ejus
405 2397 552 2461 babuisse
574 2395 687 2460 diceris
710 2410 741 2461 et
764 2397 890 2463 habere.
941 2401 1008 2462 Nec
1031 2398 1133 2461 solum
1160 2422 1266 2484 regem

316 2499 444 2564 timeas:
476 2499 553 2584 quia
567 2510 599 2563 et
614 2498 764 2584 prodesse
779 2512 811 2562 et
827 2499 935 2562 obesse
957 2512 1090 2584 possunt
1110 2499 1269 2565 ecclesias-

316 2602 388 2666 ticas
415 2612 597 2687 potestates.
648 2601 728 2667 Haec
756 2601 815 2664 tibi
841 2613 961 2665 secreto
988 2614 1140 2686 tanquam
1167 2603 1268 2668 amico

316 2700 463 2779 dixerim,
480 2715 591 2786 utpote
613 2703 669 2787 qui
692 2725 711 2765 a
733 2703 869 2788 praefato
884 2703 1013 2767 domino
1031 2703 1221 2769 pictaviensi
1237 2720 1268 2770 te

314 2803 442 2890 siquid
472 2804 596 2867 adversi
626 2804 799 2883 immineat,
822 2828 1039 2890 saepenumero
1064 2808 1175 2892 jussus
1197 2832 1265 2873 sum

315 2906 515 2990 praemunire.
563 2908 596 2970 Si
612 2929 687 2970 vero
703 2906 850 2971 voluntas
865 2906 966 2987 adest,
981 2908 1116 2972 facultas
1132 2909 1189 2973 tibi
1205 2933 1266 2973 non

316 3006 425 3072 deerit.
472 3007 592 3073 Valete.
795 3014 799 3022 '

359 3326 580 3390 EPISTOLA
603 3326 942 3390 CCLXXXIII.—an
958 3347 1166 3391 nannwruuu
1183 3349 1224 3391 nn

545 3445 646 3489 vatnn
663 3445 768 3490 nanu.
819 3427 907 3507 [un.
927 3430 1036 3509 1168]

497 3585 587 3649 Idem
604 3586 796 3650 Boldewiao
811 3588 849 3650 de
872 3590 957 3651 Valle
972 3588 1080 3652 Darii.

359 3723 426 3794 Qu
442 3733 473 3785 te
489 3721 673 3807 loquentem
689 3720 738 3783 vel
763 3720 949 3784 scribentem
973 3721 1076 3799 audit,
1092 3722 1268 3785 meminisse

315 3832 417 3905 potest
434 3821 527 3885 officii
543 3823 630 3909 quod
647 3822 784 3908 primum
801 3821 971 3886 exercuisti
987 3822 1019 3885 in
1034 3826 1123 3886 curia
1137 3822 1267 3905 quando
1361 3886 1364 3891 ,

313 3922 373 3989 sub
388 3944 461 4007 regu
479 3924 651 4009 Stephano,
664 3937 695 3988 et
712 3945 785 3987 cum
802 3923 937 4009 praefato
953 3922 1093 3985 Ricardo
1108 3919 1267 3985 militabas

312 4025 418 4090 adbuc
440 4046 520 4111 riona
543 4046 632 4111 pucr.
681 4024 810 4089 Solebas
832 4046 899 4089 esse
920 4023 1039 4107 ingenii
1066 4022 1265 4107 perspicacis,

313 4141 345 4194 et
361 4126 402 4192 ad
420 4149 512 4192 otuuc
527 4139 559 4192 et
581 4126 724 4190 omnium
747 4147 842 4211 super
864 4146 973 4187 omnes
995 4138 1169 4188 coaetaneos
1192 4137 1266 4189 tuos

314 4243 458 4316 promtus
483 4229 683 4315 olranuiurn,
711 4241 880 4311 autequam
913 4237 944 4289 te
972 4226 1263 4293 Grammaticorum

313 4330 515 4414 irmuergeres
553 4330 664 4395 turbis.
732 4332 822 4414 Ergo
861 4350 934 4412 quae
971 4329 1110 4413 loqueris
1149 4331 1264 4415 partim
