3034 5200
294 700 356 757 200
553 706 688 753 sonuum
705 700 990 749 saansaaaransrs.
1149 679 1195 759 [a.
1214 701 1248 744 n.

290 857 501 946 jurisjurandi
523 857 674 943 religione
697 876 837 919 asserens
864 851 951 937 quod
975 853 1007 914 in
1032 859 1101 912 toto
1127 849 1250 913 mundo
1317 921 1320 927 ¹

294 972 419 1024 nonest
439 960 569 1023 ecclesia
591 980 665 1042 quae
685 967 807 1019 tantam
831 951 944 1015 habeat
969 949 1160 1025 libertatem,
1176 970 1249 1035 quae

295 1074 383 1125 tanta
399 1061 505 1145 quiete
516 1058 673 1142 gaudeat3
695 1078 757 1119 non
773 1067 820 1118 est
836 1054 939 1117 clerus
950 1051 1009 1136 qui
1025 1062 1115 1114 tanto
1129 1051 1250 1116 honore

295 1161 424 1246 polleat,
434 1174 556 1245 quanto
570 1157 697 1245 praediti
710 1167 785 1222 sunt
802 1159 833 1220 in
851 1167 936 1218 terra
951 1174 1019 1230 sua,
1028 1173 1131 1237 quum
1142 1164 1250 1245 tamen

294 1260 398 1326 cleriei
420 1258 666 1325 immundissimi
688 1270 720 1320 et
742 1253 929 1320 atrocissimi
953 1253 1026 1328 sint,
1052 1265 1165 1337 utpote
1192 1253 1249 1339 qui

295 1385 335 1426 ex
350 1360 488 1426 maxima
504 1373 594 1446 parte
617 1357 775 1442 sacrilegi,
791 1355 940 1432 adulteri,
955 1354 1134 1440 praedones,
1149 1354 1250 1435 fures,

294 1475 438 1548 raptores
461 1461 633 1545 virginum,
659 1457 845 1522 incendiarii
870 1467 902 1520 et
928 1455 1114 1519 homicidoe:
1149 1467 1181 1519 et
1206 1455 1248 1518 ad

296 1564 421 1649 singula
436 1563 562 1627 volones
582 1584 667 1638 suos,
684 1561 716 1624 in
737 1558 918 1623 assertionis
939 1579 1005 1620 suoe
1021 1556 1250 1636 testimonium,

296 1666 425 1729 clericos
440 1676 472 1728 et
488 1663 583 1728 laicos
598 1660 808 1748 producebat.

341 1767 412 1828 Hac
434 1787 509 1848 ergo
531 1786 586 1849 spe
608 1766 695 1848 pacis
717 1762 844 1847 decepti
867 1760 926 1823 viri
948 1758 1097 1844 religiosi,
1121 1761 1250 1824 commi-

204 1934 208 1941 ,
297 1866 434 1930 natorias
455 1886 555 1950 usque
575 1863 616 1927 ad
636 1862 724 1926 aliud
745 1862 940 1948 colloquium
962 1860 1094 1923 reddere
1116 1860 1248 1925 distule-

295 1979 383 2044 runt,
394 1965 577 2029 accedentes
591 1964 632 2043 ad
647 1962 919 2048 archiepiscopum
932 1975 968 2025 ut
980 1961 1009 2024 ei
1021 1961 1248 2046 persuaderent

296 2066 364 2150 regi
380 2087 497 2128 morem
517 2087 639 2150 gerere,
654 2064 688 2127 id
708 2077 755 2128 est
776 2064 1028 2127 observationem
1044 2063 1248 2127 consuetudi·

296 2187 385 2239 num,
408 2164 526 2248 quibus
548 2163 601 2226 ille
623 2163 776 2247 derogare
791 2163 841 2226 vel
864 2186 944 2249 quas
966 2163 1121 2246 abrogare
1142 2163 1250 2227 decre-

296 2275 398 2338 verat,
413 2261 598 2348 simpliciter
619 2263 770 2350 profiteri.
816 2264 989 2350 Adjecerat
1009 2266 1105 2327 etiam
1121 2262 1180 2328 sibi
1195 2264 1250 2328 de-

296 2367 372 2430 bere
387 2362 528 2428 sufficere
544 2365 569 2428 si
585 2364 625 2429 sit
640 2378 675 2429 ut
687 2365 817 2430 fuerunt
833 2377 1043 2430 antecessores
1059 2365 1123 2430 sui:
1144 2387 1250 2451 neque

295 2466 379 2530 enim
408 2488 518 2530 sumus
547 2465 693 2552 patribus
722 2465 875 2531 meliores.
931 2466 1056 2544 Quibus
1085 2467 1249 2552 respondit

296 2566 551 2654 archiepiscopus
570 2567 695 2632 nullum
717 2579 950 2632 antecessorum
974 2590 1104 2633 suorum
1120 2568 1161 2634 ad
1177 2591 1250 2653 pro-

294 2670 461 2736 fessionem
477 2670 745 2735 consuetudinum
764 2683 908 2735 coactum
923 2674 975 2735 vel
988 2683 1136 2735 exactum
1151 2671 1249 2736 fuisse

294 2785 428 2858 excepto
442 2773 537 2837 beato
552 2774 719 2851 Anselmo,
731 2770 788 2857 qui
804 2770 846 2835 ob
862 2771 994 2835 eandem
1010 2793 1137 2835 causam
1152 2795 1251 2859 saepe·

294 2896 427 2937 numero
441 2873 600 2947 exulavit;
623 2895 679 2937 nec
694 2873 726 2935 in
743 2871 834 2937 malis
849 2884 996 2957 oportere
1010 2871 1127 2937 imitari
1142 2884 1250 2959 patres

295 2976 350 3060 qui
365 2998 398 3038 se
413 2974 597 3060 poeuiteuda
612 2973 819 3038 commississe
835 2973 1018 3053 doluerunt,
1032 2996 1134 3059 eoque
1149 2974 1249 3038 sancti

296 3087 380 3149 sunt,
396 3073 485 3158 quod
499 3097 552 3137 eos
567 3078 599 3138 in
621 3073 737 3159 quibus
758 3072 879 3137 nollent
894 3096 927 3137 se
942 3074 1117 3138 imitatores
1133 3073 1249 3139 habere

296 3194 489 3236 successores
510 3186 567 3237 aut
589 3186 775 3249 coaetaneos,
798 3195 943 3260 peccasse
965 3173 1127 3259 poenituit.
1175 3177 1250 3239 Non

296 3271 379 3334 enim
393 3272 523 3354 Moyses
534 3276 567 3335 in
579 3270 766 3349 diffidentia,
779 3294 837 3335 nec
848 3272 957 3337 David
971 3272 1004 3336 iu
1021 3273 1201 3359 proditioue
1216 3289 1249 3340 et

296 3368 464 3448 adulterio,
479 3393 541 3433 non
557 3374 589 3434 in
606 3373 784 3456 proditione
799 3376 973 3459 apostolus,
989 3395 1046 3437 uec
1060 3374 1093 3437 in
1108 3374 1250 3460 perjurio

298 3473 426 3548 Petrus,
442 3494 499 3535 neo
521 3471 643 3536 Paulus
656 3474 689 3536 in
711 3472 779 3536 zelo
800 3473 989 3560 insipientiae
1003 3497 1061 3538 nec
1075 3474 1108 3538 in
1122 3498 1248 3541 excom·

297 3573 530 3638 municatorum
550 3573 793 3660 participatione
814 3576 986 3655 Martinus,
1000 3575 1174 3640 imitandus
1188 3589 1249 3655 est,

298 3675 379 3738 sieut
390 3697 448 3738 nec
459 3674 490 3739 in
504 3678 626 3739 incestu
637 3673 685 3738 vel
697 3674 728 3738 in
741 3675 911 3759 parricidio
925 3675 1116 3761 patriarcha,
1129 3675 1179 3741 vel
1191 3678 1248 3763 qui

296 3797 388 3838 mane
402 3775 563 3841 oriebatur
578 3776 785 3861 archangelus
800 3776 976 3841 incrimine
991 3776 1167 3862 apostasiae.
1202 3778 1251 3842 Si-

295 3875 424 3961 quidem
447 3876 562 3940 delicta
582 3878 737 3963 majorum
766 3877 884 3962 scripta
906 3891 978 3942 suut
1005 3890 1042 3942 ut
1065 3889 1250 3958 caveantur,

296 3998 358 4039 non
370 3989 405 4041 ut
418 3975 633 4040 necessitatem
650 3976 835 4041 imitationis
847 3977 1080 4043 successoribus
1090 3978 1248 4061 ingerant.

296 4078 379 4141 Nam
391 4077 524 4142 verbum
537 4076 597 4142 Dei
609 4077 712 4141 forma
724 4077 851 4141 vivendi
862 4091 920 4158 est,
932 4102 993 4141 non
1009 4079 1248 4144 conniventium

296 4194 407 4244 coetus.
440 4180 535 4245 Unde
551 4179 736 4263 Apostolus:
755 4180 869 4244 Estote
883 4179 1059 4243 imitatores
1075 4179 1148 4257 mei,
1164 4179 1248 4245 siout

297 4292 327 4342 et
339 4303 397 4362 ego
408 4279 526 4347 Christi
538 4305 546 4355 ;
565 4279 705 4365 alioquin
717 4292 834 4366 praeter
843 4279 978 4343 formam
988 4280 1110 4345 Christi
1123 4302 1156 4344 se
1165 4281 1249 4349 nulli
