3034 5200
301 702 360 760 186
555 715 692 759 Jouruus
708 713 989 759 suunsnumnusrs
1161 698 1206 777 [A.
1223 716 1255 759 n.

299 865 435 943 volvero,
451 863 582 928 videbor
597 877 628 928 et
644 888 695 928 ero
710 863 869 949 insipiens
915 867 999 929 Tota
1014 887 1091 949 ergo
1106 864 1254 950 gloriatio

298 990 368 1030 mea
384 966 461 1030 nihil
483 965 570 1029 aliud
587 979 633 1030 est
657 966 715 1029 nisi
731 965 839 1028 divina
862 966 1035 1043 miseratio,
1051 979 1083 1030 et
1107 967 1255 1033 meritum

297 1073 446 1148 alienum,
469 1069 622 1132 bonorum
646 1068 730 1144 dico,
753 1091 891 1153 quorum
915 1081 987 1151 post
1011 1070 1129 1151 Deum,
1144 1084 1175 1135 et
1199 1094 1257 1156 per

297 1175 415 1251 Deum,
440 1194 511 1256 ope,
538 1193 606 1234 sum
635 1171 794 1234 modicum
822 1169 856 1233 id
886 1170 972 1256 quod
999 1193 1078 1235 sum.
1124 1175 1252 1236 Horum

297 1273 445 1338 meritum
471 1286 530 1349 est,
558 1273 646 1358 quod
673 1295 770 1357 supra
795 1284 827 1336 et
854 1284 963 1335 contra
986 1274 1099 1337 merita
1119 1296 1189 1337 mea
1211 1276 1253 1338 de

297 1388 432 1441 stercore
442 1378 543 1440 erexit
554 1375 821 1450 meDominus,et
832 1372 1069 1461 direxit,quum
1080 1375 1136 1438 sim
1147 1376 1255 1461 pulvis

296 1489 328 1541 et
343 1474 431 1541 ciuis.
476 1477 522 1541 Et
536 1497 620 1539 nuno
638 1473 818 1560 proscripto
841 1473 874 1535 in
889 1486 984 1557 geute
1006 1488 1038 1538 et
1052 1484 1139 1538 terra
1154 1475 1255 1539 aliena

296 1578 379 1642 bona
401 1578 490 1642 dedit
513 1576 554 1640 ad
576 1575 804 1641 abundantiam
827 1588 858 1637 et
882 1574 1043 1638 honorem.
1082 1575 1152 1652 ,sed
1176 1577 1252 1662 quia

297 1680 377 1743 male
397 1678 473 1742 mihi
488 1678 601 1743 merita
622 1676 824 1761 respondent,
839 1688 871 1739 et
891 1698 999 1740 casum
1016 1676 1124 1755 timeo,
1139 1679 1253 1742 vestris

296 1803 378 1866 quas
393 1779 593 1844 affectuosius
609 1799 721 1863 precor
741 1790 774 1840 et
790 1777 924 1839 aliorum
941 1776 1121 1842 timentium
1139 1779 1251 1842 Domi-

296 1904 372 1945 num
388 1881 538 1967 precibus
549 1902 673 1944 necesse
689 1879 790 1942 habeo
801 1879 959 1961 adjurari.
989 1882 1035 1943 Et
1050 1880 1110 1942 hoc
1122 1880 1250 1966 quidem

295 1997 342 2048 est
357 2004 498 2047 mearum
512 2004 637 2047 summa
651 2002 793 2066 precum.
826 1980 928 2043 Lator
941 1984 1147 2064 praesentium
1162 1981 1252 2045 vobis

294 2096 390 2148 notus
404 2095 462 2161 est,
478 2105 550 2146 cum
566 2105 632 2167 quo
655 2085 682 2146 si
697 2083 805 2166 placet
817 2080 905 2144 ibitis
926 2079 967 2143 ud
982 2080 1146 2145 dominum
1164 2081 1253 2146 Win-

295 2186 470 2250 toniensem
502 2197 538 2248 ut
565 2183 730 2268 negotium
758 2184 829 2269 ejus
858 2196 1100 2267 promoveatur:
1135 2184 1161 2248 si
1187 2206 1251 2249 non

294 2287 439 2374 potestis,
456 2286 572 2351 mittite
587 2286 712 2350 fidelem
731 2298 763 2350 et
779 2286 963 2370 sapientem.

294 2581 512 2646 EPISTOLA
536 2580 1030 2644 CCLXXVHL—aunuunuu
1048 2601 1090 2643 ur
1103 2600 1249 2644 inurens

537 2701 729 2746 uurvuasos.
778 2683 822 2757 [A.
842 2701 871 2744 n.
894 2684 1005 2761 llud]

462 2877 553 2939 Idem
570 2876 670 2938 eidem
685 2880 716 2936 et
723 2873 891 2956 fratribus
906 2873 1075 2934 universis.

336 3012 508 3087 Quormus
537 3005 627 3071 vobis
657 3027 765 3092 preces
796 3004 1000 3090 porrigimus,
1031 3026 1094 3067 non
1126 3026 1178 3067 eas
1207 3004 1247 3068 de

292 3111 407 3174 nostris
422 3109 544 3173 meritis
555 3108 703 3171 ducimus
715 3107 917 3192 promendas,
930 3107 984 3170 sed
1000 3105 1040 3169 de
1051 3107 1248 3191 benignitate

293 3221 397 3272 vestra
417 3232 491 3294 quae
506 3208 606 3293 gratis
629 3230 686 3271 nos
701 3208 757 3272 diu
781 3232 871 3273 caros
892 3208 1017 3285 habuit,
1033 3221 1065 3272 et
1088 3208 1119 3272 in
1143 3208 1252 3273 multis

293 3308 418 3374 studuit
436 3309 612 3373 subvenire.
650 3312 734 3372 Nam
750 3310 839 3394 quod
855 3310 1005 3375 exulibus
1020 3327 1051 3374 et
1066 3308 1251 3395 proscriptis

292 3410 430 3474 succedit
457 3408 497 3473 ad
521 3410 743 3493 temporalium
773 3412 1003 3476 abundantiam
1029 3424 1060 3476 et
1087 3412 1250 3487 honorem,

292 3510 405 3576 restris
430 3509 627 3576 orationibus
654 3522 685 3573 et
712 3511 835 3574 meritis
861 3514 1050 3578 confidimus
1072 3510 1247 3595 provenire.

293 3617 362 3678 Nos
383 3614 466 3677 enim
494 3612 572 3698 quid
595 3611 655 3675 nisi
677 3610 804 3697 flagella
834 3615 1008 3677 meruimus
1031 3625 1063 3675 et
1089 3614 1248 3674 tortores?

295 3714 370 3798 Ipse
389 3727 506 3792 tamen,
523 3714 580 3801 qui
602 3737 660 3777 nos
681 3712 861 3779 consolatur
882 3714 915 3776 in
937 3712 1023 3777 omni
1045 3710 1250 3775 tribulatione

292 3823 410 3890 nostra,
425 3814 605 3897 plenissime
618 3814 720 3900 (quod
737 3837 778 3877 ex
793 3812 982 3878 conscientia
997 3810 1147 3889 dicimus)
1160 3810 1250 3875 novit

291 3913 369 4001 quia
382 3935 443 3976 non
461 3914 521 3975 hoc
532 3936 748 3978 merueramus
764 3916 805 3979 ab
821 3914 875 3976 illo
886 3915 943 3998 qui
960 3935 1016 3974 nos
1031 3911 1247 3996 persequitur,

291 4016 363 4081 licet
379 4038 397 4079 a
414 4016 484 4079 Deo
505 4012 715 4075 meruerimus
735 4014 893 4096 graviora.
937 4012 1095 4097 Praecepit
1115 4011 1162 4076 illi
1184 4013 1249 4076 for-

291 4131 374 4185 tasse
401 4116 571 4193 Dominus,
594 4127 631 4177 ut
658 4113 838 4178 malefaciat
865 4113 973 4176 nobis:
1007 4127 1037 4178 et
1066 4115 1091 4177 si
1118 4116 1163 4179 ita
1190 4129 1250 4193 est,

290 4220 442 4285 odoretur
466 4217 663 4285 sacrificium.
710 4214 811 4280 Vobis
835 4216 945 4301 itaque
967 4217 1117 4302 prostrati
1142 4231 1247 4282 mente

291 4320 506 4404 supplicamus
534 4317 687 4384 attentius
717 4330 877 4403 quatenus
907 4319 1020 4382 vestris
1050 4318 1247 4384 orationibus
