<?xml version="1.0" encoding="UTF-8"?>
<!DOCTYPE html PUBLIC "-//W3C//DTD XHTML 1.0 Transitional//EN"
    "http://www.w3.org/TR/xhtml1/DTD/xhtml1-transitional.dtd">
<html xmlns="http://www.w3.org/1999/xhtml" xml:lang="en" lang="en">
 <head>
  <title>
</title>
<meta http-equiv="Content-Type" content="text/html;charset=utf-8" />
  <meta name='ocr-system' content='tesseract 3.04.00' />
  <meta name='ocr-capabilities' content='ocr_page ocr_carea ocr_par ocr_line ocrx_word'/>
</head>
<body>
  <div class='ocr_page' id='page_1' title='image "./joannissaresber11johngoog_0027.png"; bbox 0 0 3034 5200; ppageno 0'>
   <div class='ocr_carea' id='block_1_1' title="bbox 282 698 1222 777">
    <p class='ocr_par' dir='ltr' id='par_1_1' title="bbox 282 698 1222 777">
     <span class='ocr_line' id='line_1_1' title="bbox 282 698 1222 777; baseline -0.001 -18"><span class='ocrx_word' id='word_1_1' title='bbox 282 701 320 759; x_wconf 91' lang='lat'>10</span> <span class='ocrx_word' id='word_1_2' title='bbox 542 715 681 759; x_wconf 74' lang='lat' dir='ltr'>ruamus</span> <span class='ocrx_word' id='word_1_3' title='bbox 696 715 974 760; x_wconf 70' lang='lat' dir='ltr'>sunusnsrunusrs</span> <span class='ocrx_word' id='word_1_4' title='bbox 1129 698 1174 777; x_wconf 77' lang='lat' dir='ltr'>[A.</span> <span class='ocrx_word' id='word_1_5' title='bbox 1191 715 1222 759; x_wconf 88' lang='lat' dir='ltr'>u.</span> 
     </span>
    </p>
   </div>
   <div class='ocr_carea' id='block_1_2' title="bbox 262 867 1227 4405">
    <p class='ocr_par' dir='ltr' id='par_1_2' title="bbox 262 867 1227 4405">
     <span class='ocr_line' id='line_1_2' title="bbox 275 867 1225 952; baseline 0.001 -22"><span class='ocrx_word' id='word_1_6' title='bbox 275 867 426 942; x_wconf 87' lang='lat' dir='ltr'>decrevit,</span> <span class='ocrx_word' id='word_1_7' title='bbox 445 878 476 930; x_wconf 91' lang='lat' dir='ltr'>et</span> <span class='ocrx_word' id='word_1_8' title='bbox 497 871 611 930; x_wconf 92' lang='lat' dir='ltr'>summi</span> <span class='ocrx_word' id='word_1_9' title='bbox 633 879 756 931; x_wconf 80' lang='lat' dir='ltr'>tantum</span> <span class='ocrx_word' id='word_1_10' title='bbox 776 868 939 952; x_wconf 85' lang='lat' dir='ltr'>pontificis</span> <span class='ocrx_word' id='word_1_11' title='bbox 958 867 1225 950; x_wconf 76' lang='lat' dir='ltr'>dispositionibus</span> 
     </span>
     <span class='ocr_line' id='line_1_3' title="bbox 274 969 1223 1056; baseline 0.001 -25"><span class='ocrx_word' id='word_1_12' title='bbox 274 969 449 1052; x_wconf 81' lang='lat' dir='ltr'>subjacere.</span> <span class='ocrx_word' id='word_1_13' title='bbox 503 971 658 1035; x_wconf 85' lang='lat' dir='ltr'>Abiathar</span> <span class='ocrx_word' id='word_1_14' title='bbox 686 993 824 1056; x_wconf 91' lang='lat' dir='ltr'>quoque,</span> <span class='ocrx_word' id='word_1_15' title='bbox 853 973 910 1056; x_wconf 89' lang='lat' dir='ltr'>qui</span> <span class='ocrx_word' id='word_1_16' title='bbox 939 969 1073 1053; x_wconf 88' lang='lat' dir='ltr'>Spiritui</span> <span class='ocrx_word' id='word_1_17' title='bbox 1102 971 1223 1032; x_wconf 87' lang='lat' dir='ltr'>Sancto</span> 
     </span>
     <span class='ocr_line' id='line_1_4' title="bbox 273 1070 1226 1156; baseline -0.001 -24"><span class='ocrx_word' id='word_1_18' title='bbox 273 1071 431 1133; x_wconf 79' lang='lat' dir='ltr'>restiterat</span> <span class='ocrx_word' id='word_1_19' title='bbox 447 1072 481 1135; x_wconf 94' lang='lat' dir='ltr'>in</span> <span class='ocrx_word' id='word_1_20' title='bbox 496 1071 707 1156; x_wconf 79' lang='lat' dir='ltr'>dispositione</span> <span class='ocrx_word' id='word_1_21' title='bbox 726 1073 846 1150; x_wconf 82' lang='lat' dir='ltr'>David,</span> <span class='ocrx_word' id='word_1_22' title='bbox 860 1085 985 1136; x_wconf 88' lang='lat' dir='ltr'>amotus</span> <span class='ocrx_word' id='word_1_23' title='bbox 1001 1092 1020 1134; x_wconf 87' lang='lat' dir='ltr'>a</span> <span class='ocrx_word' id='word_1_24' title='bbox 1034 1070 1226 1146; x_wconf 84' lang='lat' dir='ltr'>sacerdotio,</span> 
     </span>
     <span class='ocr_line' id='line_1_5' title="bbox 275 1173 1226 1257; baseline -0.001 -23"><span class='ocrx_word' id='word_1_25' title='bbox 275 1193 312 1234; x_wconf 89' lang='lat' dir='ltr'>ea</span> <span class='ocrx_word' id='word_1_26' title='bbox 327 1173 449 1236; x_wconf 85' lang='lat' dir='ltr'>ratione</span> <span class='ocrx_word' id='word_1_27' title='bbox 464 1175 653 1237; x_wconf 73' lang='lat' dir='ltr'>sententiam</span> <span class='ocrx_word' id='word_1_28' title='bbox 677 1176 788 1237; x_wconf 91' lang='lat' dir='ltr'>mortis</span> <span class='ocrx_word' id='word_1_29' title='bbox 810 1175 920 1249; x_wconf 86' lang='lat' dir='ltr'>evasit,</span> <span class='ocrx_word' id='word_1_30' title='bbox 934 1174 1010 1257; x_wconf 87' lang='lat' dir='ltr'>quia</span> <span class='ocrx_word' id='word_1_31' title='bbox 1031 1192 1137 1237; x_wconf 87' lang='lat' dir='ltr'>arcam</span> <span class='ocrx_word' id='word_1_32' title='bbox 1152 1193 1226 1256; x_wconf 89' lang='lat' dir='ltr'>por·</span> 
     </span>
     <span class='ocr_line' id='line_1_6' title="bbox 274 1273 1223 1360; baseline -0.002 -23"><span class='ocrx_word' id='word_1_33' title='bbox 274 1284 403 1349; x_wconf 79' lang='lat' dir='ltr'>tereret,</span> <span class='ocrx_word' id='word_1_34' title='bbox 425 1285 457 1337; x_wconf 90' lang='lat' dir='ltr'>et</span> <span class='ocrx_word' id='word_1_35' title='bbox 479 1275 689 1358; x_wconf 76' lang='lat' dir='ltr'>praecedentis</span> <span class='ocrx_word' id='word_1_36' title='bbox 715 1277 816 1339; x_wconf 87' lang='lat' dir='ltr'>officii</span> <span class='ocrx_word' id='word_1_37' title='bbox 838 1275 1006 1360; x_wconf 82' lang='lat' dir='ltr'>privilegio</span> <span class='ocrx_word' id='word_1_38' title='bbox 1027 1285 1115 1338; x_wconf 90' lang='lat' dir='ltr'>tutus</span> <span class='ocrx_word' id='word_1_39' title='bbox 1137 1273 1223 1336; x_wconf 88' lang='lat' dir='ltr'>diem</span> 
     </span>
     <span class='ocr_line' id='line_1_7' title="bbox 273 1373 1227 1461; baseline -0.002 -22"><span class='ocrx_word' id='word_1_40' title='bbox 273 1375 457 1460; x_wconf 85' lang='lat' dir='ltr'>expectavit</span> <span class='ocrx_word' id='word_1_41' title='bbox 471 1376 610 1440; x_wconf 86' lang='lat' dir='ltr'>fatalem.</span> <span class='ocrx_word' id='word_1_42' title='bbox 640 1377 737 1451; x_wconf 88' lang='lat' dir='ltr'>Quod</span> <span class='ocrx_word' id='word_1_43' title='bbox 748 1379 776 1440; x_wconf 91' lang='lat' dir='ltr'>si</span> <span class='ocrx_word' id='word_1_44' title='bbox 786 1379 890 1441; x_wconf 86' lang='lat' dir='ltr'>clerus</span> <span class='ocrx_word' id='word_1_45' title='bbox 900 1379 933 1440; x_wconf 93' lang='lat' dir='ltr'>in</span> <span class='ocrx_word' id='word_1_46' title='bbox 945 1373 1110 1461; x_wconf 83' lang='lat' dir='ltr'>privilegia</span> <span class='ocrx_word' id='word_1_47' title='bbox 1124 1376 1227 1438; x_wconf 90' lang='lat' dir='ltr'>tribus</span> 
     </span>
     <span class='ocr_line' id='line_1_8' title="bbox 273 1478 1227 1562; baseline -0.003 -21"><span class='ocrx_word' id='word_1_48' title='bbox 273 1478 428 1541; x_wconf 77' lang='lat' dir='ltr'>Leviticae</span> <span class='ocrx_word' id='word_1_49' title='bbox 457 1499 522 1540; x_wconf 89' lang='lat' dir='ltr'>non</span> <span class='ocrx_word' id='word_1_50' title='bbox 547 1478 704 1556; x_wconf 85' lang='lat' dir='ltr'>succedit,</span> <span class='ocrx_word' id='word_1_51' title='bbox 730 1489 764 1542; x_wconf 91' lang='lat' dir='ltr'>et</span> <span class='ocrx_word' id='word_1_52' title='bbox 791 1479 957 1562; x_wconf 88' lang='lat' dir='ltr'>apostolus</span> <span class='ocrx_word' id='word_1_53' title='bbox 979 1498 1079 1540; x_wconf 86' lang='lat' dir='ltr'>vanus</span> <span class='ocrx_word' id='word_1_54' title='bbox 1108 1488 1167 1552; x_wconf 87' lang='lat' dir='ltr'>est,</span> <span class='ocrx_word' id='word_1_55' title='bbox 1193 1491 1227 1539; x_wconf 86' lang='lat' dir='ltr'>et</span> 
     </span>
     <span class='ocr_line' id='line_1_9' title="bbox 274 1579 1225 1664; baseline -0.002 -22"><span class='ocrx_word' id='word_1_56' title='bbox 274 1581 402 1644; x_wconf 80' lang='lat' dir='ltr'>fallaces</span> <span class='ocrx_word' id='word_1_57' title='bbox 430 1601 543 1643; x_wconf 89' lang='lat' dir='ltr'>omnes</span> <span class='ocrx_word' id='word_1_58' title='bbox 570 1581 758 1664; x_wconf 86' lang='lat' dir='ltr'>interpretes</span> <span class='ocrx_word' id='word_1_59' title='bbox 788 1581 1024 1664; x_wconf 89' lang='lat' dir='ltr'>scripturarum.</span> <span class='ocrx_word' id='word_1_60' title='bbox 1076 1579 1132 1642; x_wconf 84' lang='lat' dir='ltr'>Ex</span> <span class='ocrx_word' id='word_1_61' title='bbox 1160 1599 1225 1663; x_wconf 89' lang='lat' dir='ltr'>quo</span> 
     </span>
     <span class='ocr_line' id='line_1_10' title="bbox 272 1680 1223 1766; baseline 0.001 -24"><span class='ocrx_word' id='word_1_62' title='bbox 272 1681 429 1763; x_wconf 90' lang='lat' dir='ltr'>liquidnm</span> <span class='ocrx_word' id='word_1_63' title='bbox 441 1702 511 1743; x_wconf 90' lang='lat' dir='ltr'>esse</span> <span class='ocrx_word' id='word_1_64' title='bbox 523 1680 618 1743; x_wconf 88' lang='lat' dir='ltr'>debet</span> <span class='ocrx_word' id='word_1_65' title='bbox 627 1682 776 1744; x_wconf 89' lang='lat' dir='ltr'>omuibus</span> <span class='ocrx_word' id='word_1_66' title='bbox 786 1681 995 1766; x_wconf 89' lang='lat' dir='ltr'>justissimam</span> <span class='ocrx_word' id='word_1_67' title='bbox 1008 1702 1080 1745; x_wconf 87' lang='lat' dir='ltr'>esse</span> <span class='ocrx_word' id='word_1_68' title='bbox 1095 1701 1223 1744; x_wconf 87' lang='lat' dir='ltr'>causam</span> 
     </span>
     <span class='ocr_line' id='line_1_11' title="bbox 272 1780 1225 1866; baseline 0 -23"><span class='ocrx_word' id='word_1_69' title='bbox 272 1800 382 1843; x_wconf 90' lang='lat' dir='ltr'>eorum</span> <span class='ocrx_word' id='word_1_70' title='bbox 398 1781 453 1863; x_wconf 89' lang='lat' dir='ltr'>qui</span> <span class='ocrx_word' id='word_1_71' title='bbox 469 1801 527 1862; x_wconf 88' lang='lat' dir='ltr'>pro</span> <span class='ocrx_word' id='word_1_72' title='bbox 540 1780 685 1843; x_wconf 88' lang='lat' dir='ltr'>libertate</span> <span class='ocrx_word' id='word_1_73' title='bbox 699 1782 859 1844; x_wconf 87' lang='lat' dir='ltr'>Ecclesiae</span> <span class='ocrx_word' id='word_1_74' title='bbox 880 1781 1045 1858; x_wconf 89' lang='lat' dir='ltr'>dimicant,</span> <span class='ocrx_word' id='word_1_75' title='bbox 1059 1795 1093 1845; x_wconf 89' lang='lat' dir='ltr'>et</span> <span class='ocrx_word' id='word_1_76' title='bbox 1105 1783 1225 1866; x_wconf 88' lang='lat' dir='ltr'>pretio·</span> 
     </span>
     <span class='ocr_line' id='line_1_12' title="bbox 273 1879 1224 1966; baseline 0.002 -23"><span class='ocrx_word' id='word_1_77' title='bbox 273 1881 389 1944; x_wconf 90' lang='lat' dir='ltr'>siorem</span> <span class='ocrx_word' id='word_1_78' title='bbox 403 1880 522 1943; x_wconf 84' lang='lat' dir='ltr'>habent</span> <span class='ocrx_word' id='word_1_79' title='bbox 535 1879 641 1958; x_wconf 87' lang='lat' dir='ltr'>legem</span> <span class='ocrx_word' id='word_1_80' title='bbox 656 1880 720 1943; x_wconf 93' lang='lat' dir='ltr'>Dei</span> <span class='ocrx_word' id='word_1_81' title='bbox 736 1901 832 1963; x_wconf 89' lang='lat' dir='ltr'>qnam</span> <span class='ocrx_word' id='word_1_82' title='bbox 847 1881 1000 1959; x_wconf 85' lang='lat' dir='ltr'>fortunas,</span> <span class='ocrx_word' id='word_1_83' title='bbox 1014 1884 1111 1946; x_wconf 90' lang='lat' dir='ltr'>immo</span> <span class='ocrx_word' id='word_1_84' title='bbox 1127 1904 1224 1966; x_wconf 91' lang='lat' dir='ltr'>quam</span> 
     </span>
     <span class='ocr_line' id='line_1_13' title="bbox 273 1981 1223 2068; baseline 0.001 -23"><span class='ocrx_word' id='word_1_85' title='bbox 273 1983 396 2046; x_wconf 85' lang='lat' dir='ltr'>animas</span> <span class='ocrx_word' id='word_1_86' title='bbox 421 2003 504 2046; x_wconf 86' lang='lat' dir='ltr'>suas.</span> <span class='ocrx_word' id='word_1_87' title='bbox 549 1981 613 2045; x_wconf 88' lang='lat' dir='ltr'>Sed</span> <span class='ocrx_word' id='word_1_88' title='bbox 639 1982 772 2045; x_wconf 86' lang='lat' dir='ltr'>fortasse</span> <span class='ocrx_word' id='word_1_89' title='bbox 795 1982 884 2046; x_wconf 90' lang='lat' dir='ltr'>dicet</span> <span class='ocrx_word' id='word_1_90' title='bbox 905 1984 1032 2066; x_wconf 88' lang='lat' dir='ltr'>aliquis,</span> <span class='ocrx_word' id='word_1_91' title='bbox 1060 1983 1223 2068; x_wconf 89' lang='lat' dir='ltr'>quidhoc</span> 
     </span>
     <span class='ocr_line' id='line_1_14' title="bbox 273 2083 1226 2168; baseline 0 -20"><span class='ocrx_word' id='word_1_92' title='bbox 273 2084 315 2148; x_wconf 88' lang='lat' dir='ltr'>ad</span> <span class='ocrx_word' id='word_1_93' title='bbox 330 2105 459 2148; x_wconf 85' lang='lat' dir='ltr'>causam</span> <span class='ocrx_word' id='word_1_94' title='bbox 469 2083 564 2146; x_wconf 89' lang='lat' dir='ltr'>restri</span> <span class='ocrx_word' id='word_1_95' title='bbox 574 2083 826 2162; x_wconf 87' lang='lat' dir='ltr'>Cantuariensis,</span> <span class='ocrx_word' id='word_1_96' title='bbox 835 2084 892 2168; x_wconf 91' lang='lat' dir='ltr'>qui</span> <span class='ocrx_word' id='word_1_97' title='bbox 905 2085 940 2147; x_wconf 92' lang='lat' dir='ltr'>in</span> <span class='ocrx_word' id='word_1_98' title='bbox 956 2106 1054 2149; x_wconf 85' lang='lat' dir='ltr'>causa</span> <span class='ocrx_word' id='word_1_99' title='bbox 1064 2087 1226 2149; x_wconf 71' lang='lat' dir='ltr'>Ecclesiae</span> 
     </span>
     <span class='ocr_line' id='line_1_15' title="bbox 274 2182 1223 2270; baseline 0.001 -21"><span class='ocrx_word' id='word_1_100' title='bbox 274 2182 370 2249; x_wconf 86' lang='lat' dir='ltr'>cessit</span> <span class='ocrx_word' id='word_1_101' title='bbox 382 2184 468 2270; x_wconf 85' lang='lat' dir='ltr'>apud</span> <span class='ocrx_word' id='word_1_102' title='bbox 483 2183 719 2249; x_wconf 74' lang='lat' dir='ltr'>clarendonam</span> <span class='ocrx_word' id='word_1_103' title='bbox 734 2198 767 2248; x_wconf 88' lang='lat' dir='ltr'>et</span> <span class='ocrx_word' id='word_1_104' title='bbox 780 2186 814 2247; x_wconf 93' lang='lat' dir='ltr'>in</span> <span class='ocrx_word' id='word_1_105' title='bbox 829 2187 1017 2269; x_wconf 87' lang='lat' dir='ltr'>pecuniaria</span> <span class='ocrx_word' id='word_1_106' title='bbox 1035 2201 1223 2262; x_wconf 86' lang='lat' dir='ltr'>conventus,</span> 
     </span>
     <span class='ocr_line' id='line_1_16' title="bbox 272 2284 1223 2371; baseline 0.002 -22"><span class='ocrx_word' id='word_1_107' title='bbox 272 2287 307 2349; x_wconf 90' lang='lat' dir='ltr'>in</span> <span class='ocrx_word' id='word_1_108' title='bbox 323 2287 396 2371; x_wconf 90' lang='lat' dir='ltr'>jure</span> <span class='ocrx_word' id='word_1_109' title='bbox 410 2286 472 2350; x_wconf 86' lang='lat' dir='ltr'>sibi</span> <span class='ocrx_word' id='word_1_110' title='bbox 487 2284 637 2350; x_wconf 91' lang='lat' dir='ltr'>conscius</span> <span class='ocrx_word' id='word_1_111' title='bbox 655 2286 845 2371; x_wconf 89' lang='lat' dir='ltr'>iniquitatis,</span> <span class='ocrx_word' id='word_1_112' title='bbox 860 2298 893 2351; x_wconf 92' lang='lat' dir='ltr'>et</span> <span class='ocrx_word' id='word_1_113' title='bbox 912 2286 953 2350; x_wconf 92' lang='lat' dir='ltr'>de</span> <span class='ocrx_word' id='word_1_114' title='bbox 973 2287 1142 2370; x_wconf 70' lang='lat' dir='ltr'>prestigiis</span> <span class='ocrx_word' id='word_1_115' title='bbox 1156 2289 1223 2351; x_wconf 80' lang='lat' dir='ltr'>suis</span> 
     </span>
     <span class='ocr_line' id='line_1_17' title="bbox 273 2386 1223 2472; baseline 0.002 -21"><span class='ocrx_word' id='word_1_116' title='bbox 273 2389 408 2464; x_wconf 88' lang='lat' dir='ltr'>diffisus,</span> <span class='ocrx_word' id='word_1_117' title='bbox 431 2386 628 2467; x_wconf 87' lang='lat' dir='ltr'>subterfugio</span> <span class='ocrx_word' id='word_1_118' title='bbox 651 2386 848 2469; x_wconf 87' lang='lat' dir='ltr'>imprudenti</span> <span class='ocrx_word' id='word_1_119' title='bbox 873 2399 907 2450; x_wconf 89' lang='lat' dir='ltr'>et</span> <span class='ocrx_word' id='word_1_120' title='bbox 929 2388 1108 2472; x_wconf 88' lang='lat' dir='ltr'>impudenti</span> <span class='ocrx_word' id='word_1_121' title='bbox 1133 2410 1223 2453; x_wconf 89' lang='lat' dir='ltr'>suam</span> 
     </span>
     <span class='ocr_line' id='line_1_18' title="bbox 273 2486 1223 2574; baseline 0.004 -23"><span class='ocrx_word' id='word_1_122' title='bbox 273 2488 412 2574; x_wconf 89' lang='lat' dir='ltr'>quodam</span> <span class='ocrx_word' id='word_1_123' title='bbox 431 2486 539 2565; x_wconf 90' lang='lat' dir='ltr'>modo,</span> <span class='ocrx_word' id='word_1_124' title='bbox 552 2487 651 2550; x_wconf 89' lang='lat' dir='ltr'>immo</span> <span class='ocrx_word' id='word_1_125' title='bbox 671 2489 768 2571; x_wconf 88' lang='lat' dir='ltr'>plane</span> <span class='ocrx_word' id='word_1_126' title='bbox 787 2489 949 2572; x_wconf 89' lang='lat' dir='ltr'>professus</span> <span class='ocrx_word' id='word_1_127' title='bbox 963 2503 1014 2553; x_wconf 86' lang='lat' dir='ltr'>est</span> <span class='ocrx_word' id='word_1_128' title='bbox 1026 2490 1223 2574; x_wconf 87' lang='lat' dir='ltr'>injustitiam,</span> 
     </span>
     <span class='ocr_line' id='line_1_19' title="bbox 272 2589 1223 2677; baseline 0.001 -22"><span class='ocrx_word' id='word_1_129' title='bbox 272 2604 304 2655; x_wconf 91' lang='lat' dir='ltr'>et</span> <span class='ocrx_word' id='word_1_130' title='bbox 331 2602 455 2675; x_wconf 88' lang='lat' dir='ltr'>partem</span> <span class='ocrx_word' id='word_1_131' title='bbox 479 2589 670 2675; x_wconf 83' lang='lat' dir='ltr'>justificavit</span> <span class='ocrx_word' id='word_1_132' title='bbox 698 2589 873 2655; x_wconf 85' lang='lat' dir='ltr'>adversam.</span> <span class='ocrx_word' id='word_1_133' title='bbox 923 2592 1006 2656; x_wconf 85' lang='lat' dir='ltr'>Esto</span> <span class='ocrx_word' id='word_1_134' title='bbox 1031 2614 1108 2657; x_wconf 90' lang='lat' dir='ltr'>sane</span> <span class='ocrx_word' id='word_1_135' title='bbox 1134 2593 1223 2677; x_wconf 88' lang='lat' dir='ltr'>quod</span> 
     </span>
     <span class='ocr_line' id='line_1_20' title="bbox 272 2692 1223 2777; baseline 0 -19"><span class='ocrx_word' id='word_1_136' title='bbox 272 2694 412 2758; x_wconf 87' lang='lat' dir='ltr'>cesserit</span> <span class='ocrx_word' id='word_1_137' title='bbox 464 2692 664 2777; x_wconf 87' lang='lat' dir='ltr'>Propicietur</span> <span class='ocrx_word' id='word_1_138' title='bbox 692 2694 782 2756; x_wconf 92' lang='lat' dir='ltr'>Deus</span> <span class='ocrx_word' id='word_1_139' title='bbox 805 2695 975 2777; x_wconf 89' lang='lat' dir='ltr'>episcopis,</span> <span class='ocrx_word' id='word_1_140' title='bbox 1000 2695 1056 2777; x_wconf 90' lang='lat' dir='ltr'>qui</span> <span class='ocrx_word' id='word_1_141' title='bbox 1081 2715 1154 2757; x_wconf 89' lang='lat' dir='ltr'>eum</span> <span class='ocrx_word' id='word_1_142' title='bbox 1181 2694 1223 2758; x_wconf 92' lang='lat' dir='ltr'>ad</span> 
     </span>
     <span class='ocr_line' id='line_1_21' title="bbox 270 2792 1219 2876; baseline 0.002 -20"><span class='ocrx_word' id='word_1_143' title='bbox 270 2794 334 2856; x_wconf 93' lang='lat' dir='ltr'>hoc</span> <span class='ocrx_word' id='word_1_144' title='bbox 347 2792 552 2871; x_wconf 86' lang='lat' dir='ltr'>induxerunt,</span> <span class='ocrx_word' id='word_1_145' title='bbox 569 2802 603 2855; x_wconf 91' lang='lat' dir='ltr'>et</span> <span class='ocrx_word' id='word_1_146' title='bbox 616 2793 925 2856; x_wconf 83' lang='lat' dir='ltr'>circumventoribus</span> <span class='ocrx_word' id='word_1_147' title='bbox 940 2794 998 2876; x_wconf 92' lang='lat' dir='ltr'>qui</span> <span class='ocrx_word' id='word_1_148' title='bbox 1012 2814 1085 2856; x_wconf 89' lang='lat' dir='ltr'>eum</span> <span class='ocrx_word' id='word_1_149' title='bbox 1099 2794 1219 2858; x_wconf 87' lang='lat' dir='ltr'>eduxe-</span> 
     </span>
     <span class='ocr_line' id='line_1_22' title="bbox 270 2894 1224 2980; baseline 0 -21"><span class='ocrx_word' id='word_1_150' title='bbox 270 2908 355 2973; x_wconf 89' lang='lat' dir='ltr'>runt,</span> <span class='ocrx_word' id='word_1_151' title='bbox 369 2918 468 2980; x_wconf 91' lang='lat' dir='ltr'>quum</span> <span class='ocrx_word' id='word_1_152' title='bbox 487 2906 593 2957; x_wconf 86' lang='lat' dir='ltr'>tamen</span> <span class='ocrx_word' id='word_1_153' title='bbox 608 2894 717 2977; x_wconf 87' lang='lat' dir='ltr'>justus</span> <span class='ocrx_word' id='word_1_154' title='bbox 740 2906 826 2957; x_wconf 89' lang='lat' dir='ltr'>esset</span> <span class='ocrx_word' id='word_1_155' title='bbox 842 2904 957 2971; x_wconf 87' lang='lat' dir='ltr'>metus,</span> <span class='ocrx_word' id='word_1_156' title='bbox 971 2907 1002 2958; x_wconf 89' lang='lat' dir='ltr'>et</span> <span class='ocrx_word' id='word_1_157' title='bbox 1023 2916 1175 2978; x_wconf 87' lang='lat' dir='ltr'>praesens,</span> <span class='ocrx_word' id='word_1_158' title='bbox 1190 2909 1224 2959; x_wconf 89' lang='lat' dir='ltr'>et</span> 
     </span>
     <span class='ocr_line' id='line_1_23' title="bbox 271 2996 1224 3079; baseline 0.002 -20"><span class='ocrx_word' id='word_1_159' title='bbox 271 2998 380 3079; x_wconf 91' lang='lat' dir='ltr'>quiin</span> <span class='ocrx_word' id='word_1_160' title='bbox 402 2997 694 3059; x_wconf 87' lang='lat' dir='ltr'>constantissimum</span> <span class='ocrx_word' id='word_1_161' title='bbox 715 2996 880 3059; x_wconf 88' lang='lat' dir='ltr'>hominem</span> <span class='ocrx_word' id='word_1_162' title='bbox 900 2996 1039 3061; x_wconf 87' lang='lat' dir='ltr'>caderet.</span> <span class='ocrx_word' id='word_1_163' title='bbox 1083 2997 1224 3061; x_wconf 86' lang='lat' dir='ltr'>Mittitur</span> 
     </span>
     <span class='ocr_line' id='line_1_24' title="bbox 272 3096 1221 3181; baseline 0.006 -24"><span class='ocrx_word' id='word_1_164' title='bbox 272 3098 361 3160; x_wconf 83' lang='lat' dir='ltr'>robis</span> <span class='ocrx_word' id='word_1_165' title='bbox 380 3097 517 3177; x_wconf 87' lang='lat' dir='ltr'>epistola</span> <span class='ocrx_word' id='word_1_166' title='bbox 538 3096 616 3179; x_wconf 90' lang='lat' dir='ltr'>ejus,</span> <span class='ocrx_word' id='word_1_167' title='bbox 632 3097 691 3159; x_wconf 92' lang='lat' dir='ltr'>ubi</span> <span class='ocrx_word' id='word_1_168' title='bbox 712 3118 771 3179; x_wconf 90' lang='lat' dir='ltr'>pro</span> <span class='ocrx_word' id='word_1_169' title='bbox 793 3119 828 3161; x_wconf 90' lang='lat' dir='ltr'>se</span> <span class='ocrx_word' id='word_1_170' title='bbox 850 3098 1026 3162; x_wconf 87' lang='lat' dir='ltr'>satisfaciat</span> <span class='ocrx_word' id='word_1_171' title='bbox 1046 3120 1089 3162; x_wconf 83' lang='lat' dir='ltr'>ex</span> <span class='ocrx_word' id='word_1_172' title='bbox 1110 3114 1221 3181; x_wconf 81' lang='lat' dir='ltr'>parte3</span> 
     </span>
     <span class='ocr_line' id='line_1_25' title="bbox 270 3195 1223 3281; baseline 0.005 -21"><span class='ocrx_word' id='word_1_173' title='bbox 270 3198 328 3261; x_wconf 88' lang='lat' dir='ltr'>sed</span> <span class='ocrx_word' id='word_1_174' title='bbox 351 3197 427 3281; x_wconf 88' lang='lat' dir='ltr'>quia</span> <span class='ocrx_word' id='word_1_175' title='bbox 449 3195 595 3279; x_wconf 88' lang='lat' dir='ltr'>deliquit,</span> <span class='ocrx_word' id='word_1_176' title='bbox 609 3197 770 3278; x_wconf 87' lang='lat' dir='ltr'>poenituit,</span> <span class='ocrx_word' id='word_1_177' title='bbox 793 3200 959 3261; x_wconf 89' lang='lat' dir='ltr'>confessus</span> <span class='ocrx_word' id='word_1_178' title='bbox 980 3214 1040 3276; x_wconf 87' lang='lat' dir='ltr'>est,</span> <span class='ocrx_word' id='word_1_179' title='bbox 1055 3223 1075 3264; x_wconf 90' lang='lat' dir='ltr'>a</span> <span class='ocrx_word' id='word_1_180' title='bbox 1089 3200 1223 3265; x_wconf 90' lang='lat' dir='ltr'>domino</span> 
     </span>
     <span class='ocr_line' id='line_1_26' title="bbox 269 3296 1221 3383; baseline 0.004 -22"><span class='ocrx_word' id='word_1_181' title='bbox 269 3320 356 3383; x_wconf 87' lang='lat' dir='ltr'>papa</span> <span class='ocrx_word' id='word_1_182' title='bbox 370 3296 492 3361; x_wconf 87' lang='lat' dir='ltr'>absolvi</span> <span class='ocrx_word' id='word_1_183' title='bbox 507 3298 621 3358; x_wconf 89' lang='lat' dir='ltr'>meruit</span> <span class='ocrx_word' id='word_1_184' title='bbox 635 3317 734 3360; x_wconf 86' lang='lat' dir='ltr'>causa</span> <span class='ocrx_word' id='word_1_185' title='bbox 752 3300 926 3378; x_wconf 79' lang='lat' dir='ltr'>recognita,</span> <span class='ocrx_word' id='word_1_186' title='bbox 941 3312 974 3362; x_wconf 90' lang='lat' dir='ltr'>et</span> <span class='ocrx_word' id='word_1_187' title='bbox 987 3312 1023 3362; x_wconf 93' lang='lat' dir='ltr'>ut</span> <span class='ocrx_word' id='word_1_188' title='bbox 1037 3303 1221 3365; x_wconf 86' lang='lat' dir='ltr'>Ecclesiam</span> 
     </span>
     <span class='ocr_line' id='line_1_27' title="bbox 270 3397 1221 3482; baseline 0 -18"><span class='ocrx_word' id='word_1_189' title='bbox 270 3402 446 3482; x_wconf 85' lang='lat' dir='ltr'>Anglorum</span> <span class='ocrx_word' id='word_1_190' title='bbox 462 3399 503 3462; x_wconf 89' lang='lat' dir='ltr'>ab</span> <span class='ocrx_word' id='word_1_191' title='bbox 518 3397 639 3461; x_wconf 91' lang='lat' dir='ltr'>illicitis</span> <span class='ocrx_word' id='word_1_192' title='bbox 653 3409 686 3462; x_wconf 91' lang='lat' dir='ltr'>et</span> <span class='ocrx_word' id='word_1_193' title='bbox 699 3400 833 3462; x_wconf 84' lang='lat' dir='ltr'>extortis</span> <span class='ocrx_word' id='word_1_194' title='bbox 854 3400 1102 3481; x_wconf 87' lang='lat' dir='ltr'>obligationibus</span> <span class='ocrx_word' id='word_1_195' title='bbox 1116 3403 1221 3464; x_wconf 87' lang='lat' dir='ltr'>absol·</span> 
     </span>
     <span class='ocr_line' id='line_1_28' title="bbox 269 3501 1218 3586; baseline -0.002 -19"><span class='ocrx_word' id='word_1_196' title='bbox 269 3513 356 3567; x_wconf 82' lang='lat' dir='ltr'>reret</span> <span class='ocrx_word' id='word_1_197' title='bbox 380 3501 571 3586; x_wconf 80' lang='lat' dir='ltr'>impetravit.</span> <span class='ocrx_word' id='word_1_198' title='bbox 616 3501 681 3573; x_wconf 83' lang='lat' dir='ltr'>Qui</span> <span class='ocrx_word' id='word_1_199' title='bbox 703 3522 779 3583; x_wconf 84' lang='lat' dir='ltr'>ergo</span> <span class='ocrx_word' id='word_1_200' title='bbox 799 3502 916 3563; x_wconf 88' lang='lat' dir='ltr'>imitati</span> <span class='ocrx_word' id='word_1_201' title='bbox 939 3513 1013 3564; x_wconf 91' lang='lat' dir='ltr'>sunt</span> <span class='ocrx_word' id='word_1_202' title='bbox 1041 3504 1091 3581; x_wconf 92' lang='lat' dir='ltr'>(ut</span> <span class='ocrx_word' id='word_1_203' title='bbox 1115 3503 1218 3579; x_wconf 89' lang='lat' dir='ltr'>aiunt)</span> 
     </span>
     <span class='ocr_line' id='line_1_29' title="bbox 269 3603 1220 3689; baseline -0.003 -21"><span class='ocrx_word' id='word_1_204' title='bbox 269 3605 521 3689; x_wconf 89' lang='lat' dir='ltr'>delinquentem,</span> <span class='ocrx_word' id='word_1_205' title='bbox 560 3624 657 3685; x_wconf 89' lang='lat' dir='ltr'>quare</span> <span class='ocrx_word' id='word_1_206' title='bbox 693 3604 913 3685; x_wconf 87' lang='lat' dir='ltr'>poenitentem,</span> <span class='ocrx_word' id='word_1_207' title='bbox 943 3603 1151 3667; x_wconf 88' lang='lat' dir='ltr'>confitentem</span> <span class='ocrx_word' id='word_1_208' title='bbox 1187 3615 1220 3666; x_wconf 87' lang='lat' dir='ltr'>ct</span> 
     </span>
     <span class='ocr_line' id='line_1_30' title="bbox 269 3704 1218 3790; baseline -0.002 -21"><span class='ocrx_word' id='word_1_209' title='bbox 269 3706 515 3769; x_wconf 87' lang='lat' dir='ltr'>satisfacientem</span> <span class='ocrx_word' id='word_1_210' title='bbox 541 3726 608 3767; x_wconf 91' lang='lat' dir='ltr'>non</span> <span class='ocrx_word' id='word_1_211' title='bbox 633 3704 821 3768; x_wconf 82' lang='lat' dir='ltr'>imitantur?</span> <span class='ocrx_word' id='word_1_212' title='bbox 860 3704 1008 3790; x_wconf 90' lang='lat' dir='ltr'>nunquid</span> <span class='ocrx_word' id='word_1_213' title='bbox 1031 3708 1155 3769; x_wconf 88' lang='lat' dir='ltr'>malunt</span> <span class='ocrx_word' id='word_1_214' title='bbox 1183 3706 1218 3767; x_wconf 90' lang='lat' dir='ltr'>in</span> 
     </span>
     <span class='ocr_line' id='line_1_31' title="bbox 269 3806 1221 3893; baseline 0.002 -23"><span class='ocrx_word' id='word_1_215' title='bbox 269 3806 416 3871; x_wconf 87' lang='lat' dir='ltr'>sordibus</span> <span class='ocrx_word' id='word_1_216' title='bbox 430 3808 602 3881; x_wconf 87' lang='lat' dir='ltr'>immorari,</span> <span class='ocrx_word' id='word_1_217' title='bbox 613 3828 708 3890; x_wconf 88' lang='lat' dir='ltr'>quam</span> <span class='ocrx_word' id='word_1_218' title='bbox 725 3827 865 3889; x_wconf 85' lang='lat' dir='ltr'>surgere,</span> <span class='ocrx_word' id='word_1_219' title='bbox 873 3806 1020 3871; x_wconf 85' lang='lat' dir='ltr'>mundari</span> <span class='ocrx_word' id='word_1_220' title='bbox 1035 3818 1067 3871; x_wconf 88' lang='lat' dir='ltr'>et</span> <span class='ocrx_word' id='word_1_221' title='bbox 1081 3808 1221 3893; x_wconf 88' lang='lat' dir='ltr'>reparari</span> 
     </span>
     <span class='ocr_line' id='line_1_32' title="bbox 267 3907 1220 3994; baseline 0 -20"><span class='ocrx_word' id='word_1_222' title='bbox 267 3913 299 3974; x_wconf 87' lang='lat' dir='ltr'>in</span> <span class='ocrx_word' id='word_1_223' title='bbox 324 3910 494 3994; x_wconf 90' lang='lat' dir='ltr'>pristinum</span> <span class='ocrx_word' id='word_1_224' title='bbox 516 3907 670 3990; x_wconf 57' lang='lat' dir='ltr'>madum?</span> <span class='ocrx_word' id='word_1_225' title='bbox 710 3909 776 3973; x_wconf 84' lang='lat' dir='ltr'>Sed</span> <span class='ocrx_word' id='word_1_226' title='bbox 802 3930 931 3973; x_wconf 82' lang='lat' dir='ltr'>causam</span> <span class='ocrx_word' id='word_1_227' title='bbox 953 3910 1071 3973; x_wconf 87' lang='lat' dir='ltr'>veritus</span> <span class='ocrx_word' id='word_1_228' title='bbox 1097 3921 1147 3974; x_wconf 90' lang='lat' dir='ltr'>est</span> <span class='ocrx_word' id='word_1_229' title='bbox 1172 3911 1220 3989; x_wconf 90' lang='lat' dir='ltr'>(ut</span> 
     </span>
     <span class='ocr_line' id='line_1_33' title="bbox 267 4009 1219 4098; baseline -0.001 -22"><span class='ocrx_word' id='word_1_230' title='bbox 267 4013 429 4098; x_wconf 83' lang='lat' dir='ltr'>objicitur)</span> <span class='ocrx_word' id='word_1_231' title='bbox 453 4010 684 4094; x_wconf 86' lang='lat' dir='ltr'>pecuniariam,</span> <span class='ocrx_word' id='word_1_232' title='bbox 702 4011 766 4073; x_wconf 93' lang='lat' dir='ltr'>hoc</span> <span class='ocrx_word' id='word_1_233' title='bbox 789 4009 920 4095; x_wconf 90' lang='lat' dir='ltr'>quidem</span> <span class='ocrx_word' id='word_1_234' title='bbox 944 4012 1059 4075; x_wconf 88' lang='lat' dir='ltr'>falsum</span> <span class='ocrx_word' id='word_1_235' title='bbox 1083 4025 1141 4090; x_wconf 89' lang='lat' dir='ltr'>est,</span> <span class='ocrx_word' id='word_1_236' title='bbox 1161 4012 1219 4075; x_wconf 88' lang='lat' dir='ltr'>sed</span> 
     </span>
     <span class='ocr_line' id='line_1_34' title="bbox 262 4112 1217 4199; baseline -0.001 -21"><span class='ocrx_word' id='word_1_237' title='bbox 262 4116 410 4198; x_wconf 90' lang='lat' dir='ltr'>judicum</span> <span class='ocrx_word' id='word_1_238' title='bbox 429 4114 643 4199; x_wconf 84' lang='lat' dir='ltr'>iniquitatem,</span> <span class='ocrx_word' id='word_1_239' title='bbox 662 4115 719 4197; x_wconf 90' lang='lat' dir='ltr'>qui</span> <span class='ocrx_word' id='word_1_240' title='bbox 738 4135 810 4176; x_wconf 91' lang='lat' dir='ltr'>eum</span> <span class='ocrx_word' id='word_1_241' title='bbox 833 4112 947 4198; x_wconf 87' lang='lat' dir='ltr'>iniqua</span> <span class='ocrx_word' id='word_1_242' title='bbox 964 4117 1121 4179; x_wconf 87' lang='lat' dir='ltr'>sententia</span> <span class='ocrx_word' id='word_1_243' title='bbox 1138 4136 1217 4178; x_wconf 87' lang='lat' dir='ltr'>con·</span> 
     </span>
     <span class='ocr_line' id='line_1_35' title="bbox 266 4215 1217 4302; baseline 0.001 -22"><span class='ocrx_word' id='word_1_244' title='bbox 266 4219 502 4297; x_wconf 84' lang='lat' dir='ltr'>demnaverunt,</span> <span class='ocrx_word' id='word_1_245' title='bbox 517 4216 618 4302; x_wconf 85' lang='lat' dir='ltr'>parati</span> <span class='ocrx_word' id='word_1_246' title='bbox 633 4215 781 4299; x_wconf 90' lang='lat' dir='ltr'>judicare</span> <span class='ocrx_word' id='word_1_247' title='bbox 801 4217 956 4301; x_wconf 91' lang='lat' dir='ltr'>quicquid</span> <span class='ocrx_word' id='word_1_248' title='bbox 979 4230 1111 4302; x_wconf 88' lang='lat' dir='ltr'>tyranno</span> <span class='ocrx_word' id='word_1_249' title='bbox 1134 4219 1217 4281; x_wconf 89' lang='lat' dir='ltr'>libn-</span> 
     </span>
     <span class='ocr_line' id='line_1_36' title="bbox 267 4320 1218 4405; baseline 0.003 -25"><span class='ocrx_word' id='word_1_250' title='bbox 267 4320 354 4383; x_wconf 86' lang='lat' dir='ltr'>isset.</span> <span class='ocrx_word' id='word_1_251' title='bbox 410 4323 449 4384; x_wconf 93' lang='lat' dir='ltr'>In</span> <span class='ocrx_word' id='word_1_252' title='bbox 476 4341 581 4405; x_wconf 89' lang='lat' dir='ltr'>eoque</span> <span class='ocrx_word' id='word_1_253' title='bbox 603 4320 805 4384; x_wconf 73' lang='lat' dir='ltr'>verecundiae</span> <span class='ocrx_word' id='word_1_254' title='bbox 827 4322 928 4383; x_wconf 87' lang='lat' dir='ltr'>seculi</span> <span class='ocrx_word' id='word_1_255' title='bbox 953 4322 1051 4384; x_wconf 90' lang='lat' dir='ltr'>nostri</span> <span class='ocrx_word' id='word_1_256' title='bbox 1072 4322 1218 4404; x_wconf 90' lang='lat' dir='ltr'>pepercit</span> 
     </span>
    </p>
   </div>
   <div class='ocr_carea' id='block_1_3' title="bbox 0 0 1522 5200">
    <p class='ocr_par' dir='ltr' id='par_1_3' title="bbox 0 0 1522 5200">
     <span class='ocr_line' id='line_1_37' title="bbox 0 0 1522 5200; baseline 0 1"><span class='ocrx_word' id='word_1_257' title='bbox 0 0 1522 5200; x_wconf 95' lang='lat' dir='ltr'> </span> 
     </span>
    </p>
   </div>
  </div>
 </body>
</html>
