3034 5200
287 723 394 806 1171.]
670 741 849 788 arrsronn.
1171 723 1234 785 969

284 894 483 958 studeremus
495 891 596 955 modis
605 892 754 956 omnibus
769 891 809 955 ad
825 891 976 953 honorem
995 893 1054 954 Dei
1065 891 1098 953 in
1115 903 1232 954 statum

283 993 450 1081 pristinum
479 994 661 1058 reformare.
722 991 922 1078 Praecepistis
951 991 1048 1055 etiam
1078 992 1136 1054 sub
1165 1004 1236 1054 arta

282 1086 488 1175 districtione,
523 1094 677 1179 quatinus
714 1094 739 1157 si
777 1094 869 1157 nobis
903 1104 1061 1156 constaret
1096 1090 1235 1155 ecclesiae

281 1208 399 1260 statum
422 1196 587 1260 reformari
609 1218 671 1259 non
698 1218 789 1282 posse
811 1194 935 1279 absque
960 1193 1119 1257 amotione
1140 1193 1232 1256 electi

279 1306 311 1358 et
327 1295 535 1381 quorumdam
552 1295 798 1370 Monachorum,
814 1305 880 1357 tarn
895 1293 1030 1356 electum
1047 1315 1146 1377 quam
1160 1292 1230 1357 illos

279 1396 468 1461 auctoritate
499 1411 602 1459 vestra
635 1396 721 1458 omni
756 1394 917 1458 occasione
952 1408 984 1458 et
1020 1393 1232 1479 appellatione

280 1513 431 1576 cessante,
446 1498 622 1583 postposito
637 1497 750 1562 timore
765 1509 797 1561 et
819 1497 923 1581 gratia
942 1495 1125 1560 nullatenus
1146 1517 1234 1559 amo-

282 1621 353 1662 vere
368 1598 578 1673 differremus,
593 1611 624 1662 et
641 1599 709 1661 loco
724 1597 851 1661 illorum
866 1619 1015 1682 personas
1039 1597 1186 1662 honestas
1202 1608 1234 1659 et

282 1698 374 1764 utiles
389 1701 459 1763 Deo
475 1713 602 1763 auctore
617 1700 827 1764 substituere:
852 1710 889 1762 ut
900 1720 941 1761 ex
953 1699 1060 1762 fructu
1070 1698 1233 1761 reformati

280 1801 314 1864 in
340 1800 451 1866 melius
477 1801 657 1865 monasterii
682 1801 812 1865 deberet
839 1799 1018 1864 sollicitudo
1041 1811 1105 1862 tam
1129 1812 1234 1863 vestra

284 1921 379 1984 quam
403 1913 511 1964 nostra
536 1901 624 1985 apud
651 1893 763 1964 Deum=
784 1914 817 1964 et
843 1900 985 1963 homines
1011 1899 1233 1964 commendari.

283 2002 511 2089 Praeceptorias
524 2026 654 2089 quoque
667 2018 786 2067 vestras
797 2002 838 2067 ad
855 2001 1060 2087 saepedictum
1071 2001 1233 2066 direxistis

282 2103 429 2181 electum,
453 2118 490 2168 ut
513 2118 620 2169 nostro
643 2104 699 2191 qui
721 2105 842 2169 nullam
864 2105 898 2168 in
920 2127 958 2166 eo
978 2103 1231 2189 jurisdictionem

281 2203 477 2270 habebamus
492 2206 551 2271 nisi
566 2231 605 2270 ex
625 2206 823 2293 delegatione
839 2218 953 2282 vestra,
969 2205 1055 2269 omni
1070 2206 1232 2270 occasione

282 2319 313 2370 et
337 2308 549 2392 appellatione
564 2322 695 2386 remota,
711 2320 837 2394 pareret
854 2307 989 2394 judicio.
1034 2308 1141 2384 Quum
1158 2330 1233 2371 vero

281 2407 313 2469 in
340 2407 479 2492 capitulo
502 2409 639 2473 fratrum
665 2411 694 2472 ei
718 2425 831 2473 vestrae
852 2409 986 2472 fuissent
1009 2407 1125 2474 littcrae
1150 2433 1231 2495 prae-

282 2521 424 2586 sentatae,
441 2510 569 2575 tandem
590 2510 742 2596 praecepit
766 2524 802 2575 ut
824 2534 876 2574 eas
898 2512 1018 2576 Cantor
1039 2510 1174 2594 aperiret
1198 2523 1230 2574 et

283 2610 418 2696 legeret:
450 2613 504 2677 sed
527 2627 696 2699 antequam
719 2614 811 2700 plene
833 2615 1069 2700 perlegerentur
1091 2613 1174 2677 dixit
1197 2637 1229 2677 se

283 2725 315 2776 et
341 2736 398 2777 sua
422 2715 455 2778 in
483 2729 587 2779 vestra
612 2716 807 2801 protectione
831 2716 1011 2794 consistere,
1036 2728 1068 2777 et
1094 2737 1148 2779 eos
1173 2715 1230 2799 qui

283 2813 394 2879 litteris
410 2816 457 2882 uti
473 2818 676 2882 decreverant
692 2818 732 2882 ad
748 2832 885 2882 vestram
905 2816 1098 2881 audientiam
1122 2817 1229 2902 appel-

283 2916 359 2995 lare,
376 2922 458 2985 sicut
481 2920 570 2984 nobis
592 2921 795 3006 postmodum
818 2932 1012 2984 sacramento
1027 2920 1155 2984 testium
1170 2919 1231 2982 rite

283 3021 427 3103 praestito
440 3035 472 3086 et
488 3021 637 3086 relatione
653 3036 838 3099 conventus,
855 3022 972 3086 scilicet
995 3021 1230 3106 quinquaginta

282 3118 418 3186 duorum
449 3125 672 3188 monachorum
699 3124 848 3191 innotuit.
894 3124 1008 3186 Postea
1030 3145 1105 3185 vero
1130 3123 1170 3187 ad
1197 3145 1230 3187 se

282 3241 435 3298 reversus,
451 3224 483 3287 in
500 3238 585 3289 coetu
603 3226 737 3290 fratrum
761 3227 947 3290 mandatum
963 3238 1102 3289 vestrum
1125 3237 1230 3290 totum

282 3321 372 3407 plene
388 3324 520 3390 audivit.
540 3336 543 3340 ’
565 3327 697 3392 Publica
712 3351 787 3392 vero
801 3328 886 3392 fama
901 3331 944 3393 sic
966 3329 1158 3392 consonabat
1179 3329 1229 3392 his

282 3445 354 3507 quae
381 3424 421 3488 ad
445 3449 500 3490 vos
521 3427 643 3513 perlata
664 3430 801 3504 fuerant,
825 3441 862 3493 ut
884 3426 963 3491 nulli
989 3427 1231 3515 provincialium

281 3524 403 3591 veniret
418 3526 449 3591 in
465 3528 599 3594 dubium
622 3530 698 3616 quin
719 3554 902 3596 excessuum
918 3530 1009 3594 electi
1031 3528 1230 3612 magnitudo,

282 3649 320 3689 ne
342 3627 485 3696 dicamus
505 3645 536 3694 et
558 3633 737 3713 criminum,
751 3632 976 3696 monachorum
1000 3628 1229 3715 querimoniam

281 3728 436 3795 vinceret:
474 3733 655 3820 mirumque
676 3734 743 3798 fere
768 3733 915 3797 omnibus
938 3730 1117 3807 videbatur,
1140 3729 1230 3815 quod

280 3831 320 3893 ad
337 3831 458 3896 ruinam
474 3848 505 3897 et
530 3835 683 3921 lacrymas
704 3836 820 3899 domus
834 3845 948 3897 vestrae
964 3844 1028 3895 tam
1053 3854 1133 3912 sero,
1148 3853 1229 3915 quos

280 3931 338 3993 toti
368 3933 488 3996 mundo
517 3933 639 3999 debetis
668 3936 776 4000 oculos
805 3933 980 3998 reflexistis.
1026 3932 1093 3996 Nos
1119 3932 1227 4016 itaque

281 4034 415 4115 receptis
447 4034 561 4100 litteris
591 4038 702 4103 vestris
736 4060 798 4101 non
834 4034 1032 4122 pepercimus
1064 4034 1229 4098 laboribus

281 4132 396 4199 nostris
416 4150 473 4199 aut
495 4138 688 4222 sumptibus,
704 4137 758 4203 sed
781 4138 822 4201 ad
844 4136 1053 4201 obedientiam
1077 4134 1229 4220 prompti,

281 4238 460 4318 postposito
479 4251 514 4302 ut
530 4240 750 4325 praeceperatis
767 4238 888 4317 timore,
903 4238 955 4301 die
970 4257 1118 4320 congruo,
1133 4258 1229 4321 quem

281 4334 519 4418 praefixeramus
541 4342 697 4427 partibus,
720 4340 906 4405 accessimus
927 4338 968 4403 ad
994 4337 1231 4403 monasterium.
