3034 5200
307 700 366 760 140
559 715 695 759 Joaunrs
711 714 991 759 saansaaaruusrs
1162 697 1206 776 [a.
1224 719 1258 760 u.

301 879 417 941 centes,
444 864 549 929 statim
576 864 727 929 excitavit
749 863 778 927 ei
803 867 890 929 Deus
912 863 1019 928 hostes
1044 865 1199 953 undique,
1223 881 1255 932 et

302 981 422 1032 tantam
439 966 648 1046 vexationem,
664 978 701 1031 ut
717 966 771 1029 vix
788 964 889 1028 sedari
910 966 1010 1051 possit
1026 978 1122 1030 aetate
1138 981 1256 1034 nostra.

303 1071 411 1134 Locus
436 1068 486 1133 hic
513 1069 605 1133 nimis
630 1068 821 1153 conspicuus
845 1080 904 1146 est,
931 1080 1042 1154 patens
1069 1068 1211 1154 undique
1238 1094 1257 1134 a

303 1169 540 1235 Britanniarum
563 1169 713 1234 extremis
741 1169 859 1232 finibus
882 1169 1047 1254 usquead
1070 1170 1256 1236 novissimos

303 1270 454 1336 terminos
479 1268 668 1334 Galliarum.
713 1269 805 1352 Ergo
829 1268 863 1331 in
885 1290 924 1330 eo
948 1267 1070 1333 diutius
1095 1269 1257 1335 immorari

303 1396 360 1437 nec
374 1384 511 1458 oportet,
523 1393 580 1434 nec
594 1368 734 1455 expedit.
772 1368 959 1434 Fredericus
969 1369 1023 1434 ille
1038 1370 1258 1437 schismaticus

302 1474 444 1559 insignis,
469 1473 546 1540 dum
571 1473 604 1536 in
632 1471 793 1536 ecclesiam
821 1471 1012 1536 maliciosius
1040 1486 1073 1538 et
1099 1474 1258 1541 crudelius

304 1576 407 1652 saevit,
422 1575 526 1640 factus
541 1586 588 1639 est
604 1578 839 1657 ex·Augustus‚
856 1586 888 1638 et
904 1596 941 1637 eo
956 1574 1133 1660 perductus
1147 1590 1206 1655 est,
1222 1591 1258 1643 ut

297 1679 365 1765 jam
388 1676 544 1764 optaverit
571 1674 697 1741 Italiam
720 1674 908 1760 perdidisse,
923 1699 1019 1763 quam
1045 1681 1182 1744 retinere
1196 1704 1257 1745 noa

302 1793 417 1867 potest.
468 1778 584 1841 Timeo
610 1801 649 1842 ne
675 1778 831 1862 praefatus
857 1801 913 1843 rex
943 1781 1112 1847 ambulans
1140 1784 1173 1847 in
1201 1784 1259 1847 viis

302 1883 383 1967 ejus,
409 1880 532 1944 exitum
560 1879 662 1965 (quod
687 1883 777 1943 Deus
798 1880 969 1966 impediat)
993 1882 1124 1948 similem
1151 1908 1259 1949 conse-

237 2016 241 2022 ,
303 1993 432 2068 quatur.
464 1979 613 2044 Proiecto
626 1978 739 2042 mirum
751 1979 902 2065 estquod
918 1980 1026 2046 nullus
1037 1981 1255 2067 religiosorum

302 2084 330 2148 ei
346 2082 517 2146 denunciat
538 2094 627 2146 tanta
648 2080 790 2166 pericula
808 2081 983 2148 imminere.
1030 2083 1116 2161 Quid
1132 2085 1254 2150 faciunt

303 2207 389 2249 nuuc
408 2182 454 2246 illi
471 2181 747 2260 Grandimontani,
764 2205 846 2268 quos
866 2183 918 2247 ille
938 2183 1018 2248 adeo
1032 2185 1164 2270 diligere
1184 2209 1258 2250 con-

306 2285 410 2352 suevit
429 2297 461 2349 et
477 2283 645 2348 venerari?
669 2283 725 2347 ubi
746 2306 831 2348 nunc
851 2285 949 2349 fontis
964 2285 1111 2351 Ebraudi
1127 2286 1206 2352 fides
1226 2305 1258 2353 et

303 2388 410 2453 fervor
424 2388 456 2451 in
470 2385 631 2451 Domino?
661 2387 757 2451 Certe
769 2386 895 2451 confido
906 2388 993 2474 quod
1010 2387 1035 2452 si
1050 2389 1104 2453 ille
1119 2390 1257 2456 ecclesiae

304 2510 413 2575 pacem
424 2485 609 2561 reddiderit,
619 2498 650 2551 et
661 2490 822 2551 recesserit
835 2489 915 2552 avia
926 2489 1020 2570 mala,
1030 2490 1258 2578 propitiabitur

303 2589 350 2656 illi
371 2592 473 2671 DeuS,
488 2602 520 2656 et
540 2587 758 2674 impendentia
779 2589 921 2675 pericula
945 2593 1114 2657 transferet
1130 2617 1149 2657 a
1163 2593 1258 2658 domo

303 2696 381 2781 ejas.
427 2693 508 2756 Nam
532 2703 564 2755 et
586 2689 707 2768 Achab,
725 2690 802 2776 quia
822 2692 978 2755 reveritus
998 2706 1046 2757 est
1061 2695 1173 2759 faciem
1190 2699 1257 2760 Do-

304 2794 520 2874 mini,divinoe
534 2792 785 2857 comminationis
795 2790 922 2876 flagella
936 2791 1117 2858 declinavit.
1153 2800 1258 2882 Scrip-

304 2910 374 2961 tum
390 2918 519 2982 quoqne
532 2894 658 2959 memini
671 2893 756 2980 quod
769 2893 800 2956 in
815 2893 995 2959 Proverbiis
1005 2895 1136 2979 legitur,
1151 2901 1258 2974 Quum

300 3001 488 3082 placuerint
504 3000 642 3062 Domino
655 3000 715 3061 cic
730 2998 877 3075 dominis,
891 2998 1038 3061 inimicos
1052 3020 1176 3082 quoquc
1189 3003 1260 3082 ejus

303 3107 461 3165 concertet
485 3102 529 3163 ad
549 3120 670 3182 pacem.
717 3098 751 3164 si
774 3119 851 3184 ergo
875 3098 1026 3185 expedire
1048 3102 1259 3185 credideritis,

304 3224 415 3287 precor
444 3201 598 3266 attcntius
627 3212 784 3286 quatenus
814 3201 1001 3284 procuretis,
1027 3216 1063 3267 ut
1084 3207 1184 3270 sancti
1208 3206 1254 3271 illi

305 3304 582 3381 Grandimontani,
606 3305 656 3365 vel
679 3301 733 3365 alii
757 3326 837 3388 quos
858 3302 971 3368 audire
994 3305 1162 3390 benignius
1184 3330 1259 3371 con·

304 3406 416 3481 suevit,
427 3427 498 3469 eum
512 3414 654 3467 statuant
666 3416 777 3467 contra
788 3404 901 3469 faciem
916 3428 1015 3484 suam,
1025 3421 1258 3472 commonentes

304 3506 406 3570 redire
431 3504 472 3569 ad
498 3526 552 3567 cor
577 3515 608 3566 et
637 3502 795 3568 declinare
817 3528 836 3568 a
858 3505 1001 3589 vestigiis
1024 3507 1197 3589 Frederici‚
1220 3532 1259 3573 ne

305 3611 445 3674 Domino
470 3606 623 3671 irascente
648 3618 821 3691 tyrannum
845 3629 940 3692 quem
967 3608 1080 3675 habuit
1106 3610 1139 3675 in
1164 3612 1260 3697 culpa

304 3707 549 3795 praeambulum,
574 3707 727 3795 praevium
754 3707 870 3774 babeat
896 3710 929 3773 in
958 3710 1058 3777 ruina.
1112 3714 1180 3777 Nec
1205 3714 1259 3776 de-

305 3812 428 3889 sistant,
443 3812 468 3873 si
488 3810 670 3874 obdurescit
694 3810 736 3874 ad
759 3833 880 3893 preces,
895 3811 921 3875 si
943 3812 1088 3878 irascitur
1110 3814 1150 3876 ad
1173 3835 1257 3876 com-

306 3910 511 3977 monitiones:
536 3910 736 3974 meminerint
751 3911 861 3995 potius
876 3911 957 3977 illud
975 3915 1185 3978 Catonianum
1199 3939 1206 3977 :

410 4020 549 4086 Quumque
561 4035 649 4071 mones
660 4019 783 4087 aliquem,
794 4037 843 4071 nee
854 4038 883 4072 ee
894 4020 958 4073 velit
968 4022 1024 4092 ipse
1035 4023 1141 4087 moneri,

411 4106 440 4159 Si
451 4106 499 4158 tibi
510 4106 545 4158 sit
556 4122 638 4169 carus,
651 4105 704 4157 noli
716 4105 841 4157 desistere
852 4106 950 4175 caeptis.

308 4208 340 4271 Si
367 4227 442 4269 vero
469 4206 581 4288 sapiat,
605 4201 714 4267 audiet
741 4200 822 4277 illos,
849 4214 881 4264 et
911 4224 967 4287 per
995 4228 1027 4268 se
1051 4207 1155 4291 ipsum
1182 4232 1255 4275 cum

306 4308 435 4373 domino
467 4303 686 4370 Cantuariensi
716 4303 811 4367 faciet
848 4326 972 4389 pacem,
1003 4331 1060 4373 nec
1098 4311 1255 4378 mediante
