3034 5200
279 696 319 754 48
549 705 685 752 maurus
702 703 985 749 sanasanarsnsrs
1136 689 1181 769 [A.
1197 709 1229 752 n.

277 881 335 944 per
349 881 418 936 nos,
432 860 528 923 facile
542 860 757 922 innotesceret
774 856 852 942 quid
867 863 977 919 actum
987 857 1039 930 sit,
1051 869 1084 922 et
1098 858 1138 922 de
1154 880 1231 924 con·

278 959 500 1024 suetudinibus
521 960 607 1024 unde
628 958 763 1038 litigium
786 958 916 1021 vertitur
935 958 1019 1021 inter
1040 980 1173 1042 regnum
1196 969 1229 1023 et

278 1061 492 1125 sacerdotium
516 1061 556 1124 de
578 1080 659 1144 pace
682 1058 915 1141 archiepiscopi
937 1069 971 1121 et
991 1060 1136 1125 libertate
1161 1062 1228 1123 Ec·

279 1163 397 1237 clesiae,
414 1161 453 1225 de
475 1164 599 1245 integra
619 1161 822 1225 restitutione
845 1170 877 1223 et
893 1161 1064 1224 securitate
1086 1161 1228 1224 omnium

279 1264 427 1327 exulum:
459 1262 538 1346 quid
555 1262 648 1328 etiam
659 1261 823 1346 juraverit,
839 1268 872 1324 et
886 1282 949 1345 qna
963 1262 1111 1325 cautione
1127 1261 1232 1324 firma·

279 1363 359 1426 verit
372 1364 549 1447 pactiones.
595 1364 647 1427 Ea
660 1361 787 1427 interim
802 1363 932 1425 silemus
941 1363 1130 1426 necessitate
1140 1383 1230 1425 man·

279 1463 355 1543 dati,
370 1465 446 1528 dnm
462 1464 708 1549 promissionum
724 1474 869 1547 speratur
883 1473 915 1526 et
929 1474 1118 1546 expectatur
1133 1463 1226 1526 fides.

281 1563 344 1626 Sed
366 1565 447 1628 nihil
469 1575 613 1649 opertum
636 1564 722 1649 qnod
745 1586 810 1628 non
833 1564 1008 1627 reveletur:
1031 1562 1128 1647 idque
1158 1564 1231 1626 Deo

278 1675 406 1729 auctore
427 1667 460 1726 in
483 1666 583 1728 brevi.
628 1665 733 1727 Juxta
755 1665 842 1726 enim
864 1673 913 1726 est
942 1662 1011 1726 dies
1040 1663 1231 1747 perditionis

279 1784 399 1836 eornm,
423 1764 533 1847 quiin
556 1763 725 1826 mendacio
744 1763 1022 1846 deprehendentur
1047 1776 1081 1827 et
1101 1763 1233 1828 retribu-

280 1861 375 1924 tionis
404 1871 437 1922 et
458 1859 607 1923 vindictae
631 1860 741 1922 adesse
765 1861 914 1922 festinant
934 1873 1088 1941 tempora.
1135 1863 1232 1935 Quod

278 1962 306 2024 si
323 1983 430 2024 meum
444 1961 613 2025 consilium
629 1961 754 2023 interim
767 1961 930 2044 quaeritnr,
942 1981 1019 2023 ecce
1029 1982 1135 2024 eoram
1147 1964 1232 2040 Deo,

280 2081 375 2145 quem
390 2058 484 2143 hujus
499 2059 586 2122 verbi
600 2060 632 2122 in
649 2069 793 2122 extremo
810 2055 956 2121 examine
969 2069 1083 2122 testem
1099 2060 1227 2139 invoco,

280 2169 345 2223 tota
370 2160 500 2242 spiritus
520 2161 678 2234 libertate,
705 2169 737 2222 et
758 2161 790 2221 in
816 2157 879 2222 fide
902 2159 949 2222 illi
971 2168 1122 2243 tanquam
1146 2164 1228 2244 patri

278 2260 436 2342 promissa
457 2271 490 2324 et
511 2258 620 2324 debita
642 2259 833 2342 respondeo,
856 2260 943 2343 quod
965 2260 997 2322 in
1022 2260 1108 2323 omni
1131 2260 1230 2325 ardna

281 2360 443 2425 dubietate
457 2382 572 2425 censeo
592 2359 785 2424 faciendum.
832 2361 965 2426 Scilicet
986 2371 1020 2425 ut
1042 2361 1145 2444 primo
1165 2385 1233 2426 om·

281 2464 370 2535 ninm
399 2483 581 2546 qnaeramns
610 2472 642 2526 et
672 2484 843 2546 sequamur
872 2462 951 2547 quid
974 2484 1071 2547 snper
1097 2465 1158 2527 hoc
1180 2466 1235 2528 lex

280 2563 389 2628 divina
410 2565 647 2650 praescripserit,
670 2585 742 2647 quae
765 2565 793 2628 si
815 2565 895 2628 nihii
917 2577 1041 2630 certum
1070 2565 1233 2648 exprimit,

278 2677 455 2731 recurratur
469 2667 510 2730 ad
526 2688 667 2731 canones
689 2676 722 2729 et
737 2669 887 2749 exempla
911 2666 1110 2739 Sanctorum,
1133 2667 1188 2728 nbi
1204 2667 1231 2727 si

280 2765 359 2830 nihil
374 2776 495 2831 certum
511 2767 656 2843 occurrit,
679 2764 810 2827 tandem
829 2765 1037 2846 explorentur
1057 2762 1186 2844 ingenia
1202 2775 1234 2827 et

282 2867 417 2930 consilia
445 2868 622 2950 sapientum
646 2866 679 2927 in
709 2865 822 2927 timore
853 2864 998 2941 Domini,
1026 2863 1149 2946 illique,
1175 2884 1234 2926 seu

281 2966 388 3046 plnres
403 2987 459 3028 seu
471 2969 640 3049 pauciores
656 2966 730 3042 sint,
740 2965 865 3036 caeteris
880 2965 1097 3048 praeferantur,
1112 2964 1166 3048 qui
1176 2963 1234 3026 ho-

282 3085 391 3126 norem
414 3066 479 3127 Dei
497 3066 675 3129 commodis
694 3068 844 3129 omnibns
865 3076 1075 3150 anteponunt.
1120 3066 1238 3128 Nullus

283 3161 366 3223 enim
397 3162 565 3223 salubriter
600 3162 732 3240 incedit,
767 3167 839 3245 lege
869 3162 946 3243 Dei,
976 3187 1047 3248 quae
1087 3164 1237 3227 omnibus

282 3272 332 3324 est
346 3261 520 3324 certissima
534 3261 637 3324 forma
650 3261 789 3340 vivendi,
803 3266 963 3343 neglecta,
984 3276 1017 3327 et
1033 3265 1087 3346 qui
1111 3276 1236 3346 patrum

281 3362 412 3443 vestigia
434 3360 591 3425 detrectat
611 3360 739 3438 imitari,
760 3362 802 3426 ad
824 3364 1021 3425 consortium
1043 3364 1144 3443 regni,
1168 3386 1232 3445 quo

279 3458 325 3523 illi
356 3459 496 3543 gandent
516 3462 632 3523 intrare
661 3480 726 3521 non
755 3470 871 3544 potest.
916 3461 1001 3522 Nam
1023 3470 1055 3523 et
1076 3460 1179 3523 Josue
1201 3471 1233 3524 et

282 3562 423 3625 seniores
454 3560 554 3623 Israel
575 3560 608 3622 in
639 3559 758 3622 foedere
785 3557 1036 3622 Gabaonitarum
1066 3570 1236 3642 patuerunt

283 3664 404 3744 enlpae:
429 3663 517 3747 quia,
532 3661 616 3726 sicut
631 3662 788 3745 scriptura
802 3660 893 3723 testis
908 3671 966 3738 est,
977 3662 1111 3745 sumptis
1126 3682 1235 3725 eorum

281 3764 408 3827 cibariis
423 3786 458 3827 os
475 3764 607 3827 Domini
622 3785 688 3827 non
703 3764 981 3845 interrogaverunt.
1026 3763 1112 3836 Quid
1128 3776 1233 3827 autem

281 3864 480 3945 significatur
502 3885 559 3946 per
580 3885 627 3942 os,
642 3864 704 3926 nisi
723 3866 852 3927 verbum
877 3864 1022 3940 Domini,
1048 3886 1111 3946 quo
1133 3865 1232 3926 semel

282 3968 432 4048 loquutus
447 3975 505 4040 est,
520 3973 556 4025 ut
569 3964 604 4025 id
619 3966 724 4047 ipsum
747 3964 849 4045 repeti
865 3983 930 4025 non
945 3958 1116 4046 oporteat?
1136 3961 1232 4043 hujus

282 4077 386 4129 antem
401 4063 571 4148 perspicua
581 4073 630 4125 est
641 4073 672 4125 et
685 4063 770 4125 clara
781 4064 813 4124 in
825 4065 896 4144 lege
905 4061 1071 4136 sententia,
1081 4060 1230 4143 quoniam

283 4164 451 4226 meliorest
463 4160 648 4224 obedientia
658 4180 753 4242 quam
772 4160 921 4223 rictimae:
939 4158 1016 4242 quia
1026 4167 1059 4219 et
1073 4157 1230 4221 ariolandi

284 4262 401 4325 crimen
429 4273 486 4341 est,
516 4280 702 4345 repugnare,
729 4271 761 4323 et
785 4261 877 4342 qnasi
907 4261 1011 4324 scelus
1040 4257 1232 4322 idololatriae
