3034 5200
280 719 300 774 4
537 729 672 775 Jonnnrs
688 729 967 776 sruasaarunnsrs
1142 712 1186 790 [s.
1204 730 1233 774 n.

285 882 490 947 conscientia.
536 884 602 945 Dat
628 893 734 946 tamen
761 885 910 967 sperandi
940 905 1064 958 ausum,
1091 883 1146 966 qui
1176 904 1237 944 nos

284 987 474 1068 ignobilium
504 995 536 1047 et
563 983 763 1049 infirmorum
794 987 914 1050 elector
942 985 1172 1049 ecclesiastice
1199 986 1237 1046 li·

284 1088 415 1150 bertatis
430 1085 624 1169 professores
646 1108 717 1150 esse
740 1089 893 1171 permisit,
911 1098 1083 1151 assertores
1092 1086 1239 1171 justitiae,

283 1200 315 1252 et
337 1199 433 1252 testes
454 1188 546 1268 legis,
569 1190 778 1251 asseverantis
805 1191 891 1274 quod
917 1211 976 1253 nec
1004 1188 1149 1264 exilium,
1174 1209 1236 1251 nec

282 1291 561 1373 proscriptionem,
576 1289 750 1354 dummodo
767 1292 823 1354 llla
841 1293 954 1374 vigeat,
969 1313 1028 1375 pro
1047 1290 1116 1374 ipsa
1131 1289 1237 1352 fidelis

282 1392 399 1455 debeat
412 1391 592 1454 formidare.
637 1394 758 1456 Omnes
780 1414 901 1457 caussae
919 1403 1037 1456 nostrae
1053 1403 1142 1454 tenos
1160 1390 1235 1454 arti·

282 1497 392 1559 culos:
410 1494 672 1578 juramentorum,
689 1515 761 1577 quae
777 1517 797 1557 a
811 1495 906 1558 nobis
921 1504 1036 1559 exacta
1051 1488 1136 1569 sunt,
1151 1491 1237 1555 nosti

280 1595 536 1678 conceptionem,
549 1604 584 1656 ut
598 1593 633 1655 in
647 1595 707 1656 hac
726 1606 814 1676 parte
827 1595 1012 1677 diligentius
1029 1591 1235 1676 explananda

281 1719 347 1758 non
363 1705 508 1777 oporteat
522 1695 691 1756 immorari.

325 1795 389 1858 Sed
412 1796 489 1857 sorte
511 1794 610 1866 dices,
626 1793 712 1876 quod
734 1795 858 1876 pridem
880 1796 1042 1878 proposita
1063 1802 1239 1865 mutabitur

279 1895 610 1979 formulajuramenti:
635 1916 695 1956 nec
712 1906 844 1975 cogetur
858 1896 972 1979 aliquis
983 1898 1017 1958 in
1028 1904 1234 1984 reprobarum

283 1997 550 2064 consuetudinum
568 1997 663 2059 rerba
673 1996 791 2079 jurare.
830 1997 1012 2062 Contentus
1027 2002 1086 2064 erit
1099 2013 1235 2066 exactor

275 2100 458 2186 juramenti,
484 2099 510 2161 si
537 2097 699 2160 fidelitatis
725 2098 891 2161 servandae
917 2100 978 2162 sibi
1008 2104 1171 2168 succincte
1201 2115 1235 2168 et

280 2203 424 2266 absolute
442 2201 539 2261 verba
561 2207 771 2281 praestentur:
794 2200 839 2262 ita
858 2200 990 2282 quidem
1011 2213 1046 2265 ut
1066 2226 1133 2266 non
1152 2205 1233 2290 adji-

279 2304 390 2380 ciatur,
420 2302 533 2365 Fidem
563 2302 698 2362 ecclesie
728 2307 759 2363 et
786 2305 995 2382 prelatorum
1024 2305 1233 2370 obedientium

279 2408 493 2487 sulvamfore.
535 2404 631 2483 Nam,
645 2413 682 2465 ut
697 2404 797 2477 aiunt,
813 2404 884 2468 istis
899 2427 959 2469 nec
976 2409 1042 2470 vult
1055 2430 1115 2472 nec
1133 2411 1232 2473 voluit

279 2508 498 2591 praejudicare.
523 2504 619 2578 Quod
634 2527 693 2568 nec
709 2505 850 2586 exigitur
858 2507 1082 2590 juramentum.
1111 2513 1231 2576 Verum

280 2610 306 2672 si
319 2609 528 2693 praejudicare
540 2629 605 2670 non
618 2607 724 2687 debet,
737 2630 835 2692 quare
846 2613 1033 2696 necessariae
1044 2613 1085 2675 ad
1097 2617 1231 2677 salutem

279 2712 507 2776 observationis
515 2732 580 2773 non
589 2711 744 2774 licetfieri
755 2712 973 2773 mentionem?
989 2713 1024 2775 Si
1034 2714 1231 2798 praejudicat,

278 2835 341 2895 qua
363 2812 561 2876 conscientia
582 2811 783 2894 praestabitur
801 2831 819 2872 a
837 2810 950 2873 fideli?
977 2812 1167 2894 Consilium,
1181 2817 1229 2879 in·

279 2916 362 2996 quis,
389 2914 567 2996 sapientum
594 2923 652 2990 est,
678 2921 746 2975 tum
776 2932 833 2994 pro
858 2913 945 2974 bono
969 2914 1060 2996 pacis
1085 2927 1117 2979 et
1143 2920 1229 2980 omni

277 3013 461 3097 suspicione
490 3014 631 3087 vitanda,
662 3023 727 3076 tum
764 3034 822 3095 pro
855 3012 1065 3097 adipiscenda
1100 3019 1231 3081 materia

279 3115 499 3198 gerendorum,
516 3124 552 3175 ut
572 3115 762 3176 necessariis
784 3126 816 3178 et
838 3113 948 3179 amicis
971 3116 1106 3202 quisque
1128 3121 1231 3202 possit

279 3217 440 3280 officiosus
466 3236 545 3277 esse.
591 3215 758 3296 Numquid
784 3218 959 3281 amicorum
986 3232 1018 3283 et
1040 3224 1229 3301 nugantium

277 3320 479 3384 familiarium
498 3319 615 3395 favore,
637 3319 692 3400 qui
714 3338 774 3379 nos
796 3317 1001 3381 deseruerunt
1022 3323 1054 3383 in
1077 3323 1230 3396 adversis,

278 3420 507 3505 relinquendus
522 3430 569 3482 est
588 3431 678 3502 pater
693 3418 990 3495 misericordiamm,
1005 3422 1061 3503 qui
1078 3444 1137 3485 nos
1153 3446 1229 3487 con·

278 3526 398 3588 solatus
419 3530 516 3586 estet
537 3522 719 3584 consolatur
740 3520 774 3582 in
798 3521 884 3583 omni
904 3521 1117 3602 tribulatione,
1132 3525 1229 3588 immo

277 3648 338 3689 nec
368 3624 581 3689 tribulationis
615 3644 676 3686 nos
704 3622 859 3706 permittit
893 3623 1009 3686 babere
1039 3625 1228 3690 scientiam?

278 3728 422 3791 Suadent
447 3727 501 3790 alii
524 3738 560 3790 ut
578 3726 734 3810 juremus,
757 3735 790 3787 at
813 3725 867 3788 ille
889 3727 1057 3789 consilium
1082 3727 1138 3791 dat
1162 3751 1228 3792 non

273 3830 423 3914 jurandi:
451 3829 580 3894 cuinam
595 3835 689 3910 putas
707 3848 776 3890 esse
792 3827 1010 3891 credendum?
1047 3828 1121 3909 Ego
1143 3843 1229 3896 certe

279 3933 355 4003 Dei,
372 3952 429 4014 pro
444 3952 495 3993 me
510 3930 668 3993 incarnati
684 3941 714 3991 et
729 3929 856 4009 mortui,
867 3931 1037 3994 consilium
1053 3930 1181 3994 fidelius
1197 3943 1230 3996 et

279 4034 436 4099 salubrius
465 4031 578 4094 credo:
617 4043 649 4093 et
674 4032 763 4092 illum
793 4031 907 4094 frontis
929 4033 1042 4096 attritae
1067 4054 1137 4096 esse
1162 4055 1228 4096 non

277 4137 449 4217 ambigam,
465 4133 520 4217 qui
543 4154 635 4194 suum
659 4132 784 4195 duxerit
808 4132 1048 4215 praeferendum.
1087 4135 1133 4197 Ut
1152 4155 1227 4217 ergo

279 4249 410 4300 caeteras
431 4235 575 4320 majores,
590 4243 621 4295 et
644 4232 702 4295 tibi
724 4242 815 4295 notas
830 4233 921 4295 exilii
939 4242 970 4296 et
986 4234 1228 4318 proscriptionis

279 4357 407 4402 caussas
429 4348 563 4411 taceam,
581 4334 657 4418 quia
678 4355 737 4424 pro
761 4334 887 4397 Christo
905 4334 1086 4417 juramenta
1105 4335 1229 4404 dissua-
