<?xml version="1.0" encoding="UTF-8"?>
<!DOCTYPE html PUBLIC "-//W3C//DTD XHTML 1.0 Transitional//EN"
    "http://www.w3.org/TR/xhtml1/DTD/xhtml1-transitional.dtd">
<html xmlns="http://www.w3.org/1999/xhtml" xml:lang="en" lang="en">
 <head>
  <title>
</title>
<meta http-equiv="Content-Type" content="text/html;charset=utf-8" />
  <meta name='ocr-system' content='tesseract 3.04.00' />
  <meta name='ocr-capabilities' content='ocr_page ocr_carea ocr_par ocr_line ocrx_word'/>
</head>
<body>
  <div class='ocr_page' id='page_1' title='image "./joannissaresber11johngoog_0236.png"; bbox 0 0 3034 5200; ppageno 0'>
   <div class='ocr_carea' id='block_1_1' title="bbox 303 734 1250 812">
    <p class='ocr_par' dir='ltr' id='par_1_1' title="bbox 303 734 1250 812">
     <span class='ocr_line' id='line_1_1' title="bbox 303 734 1250 812; baseline 0 -18"><span class='ocrx_word' id='word_1_1' title='bbox 303 734 411 812; x_wconf 68' lang='lat' dir='ltr'><strong>llud]</strong></span> <span class='ocrx_word' id='word_1_2' title='bbox 681 749 860 794; x_wconf 72' lang='lat' dir='ltr'><strong>spurcum.</strong></span> <span class='ocrx_word' id='word_1_3' title='bbox 1187 738 1250 794; x_wconf 74' lang='lat'><strong>217</strong></span> 
     </span>
    </p>
   </div>
   <div class='ocr_carea' id='block_1_2' title="bbox 192 897 1252 981">
    <p class='ocr_par' dir='ltr' id='par_1_2' title="bbox 192 897 1252 981">
     <span class='ocr_line' id='line_1_2' title="bbox 192 897 1252 981; baseline 0.001 -20"><span class='ocrx_word' id='word_1_4' title='bbox 192 948 195 953; x_wconf 90' lang='lat'>.</span> <span class='ocrx_word' id='word_1_5' title='bbox 297 912 331 962; x_wconf 91' lang='lat' dir='ltr'><strong>et</strong></span> <span class='ocrx_word' id='word_1_6' title='bbox 360 899 503 964; x_wconf 86' lang='lat' dir='ltr'><strong>ecclesiae</strong></span> <span class='ocrx_word' id='word_1_7' title='bbox 533 897 704 962; x_wconf 88' lang='lat' dir='ltr'><strong>laborantis</strong></span> <span class='ocrx_word' id='word_1_8' title='bbox 730 897 928 962; x_wconf 85' lang='lat' dir='ltr'><strong>honestatem</strong></span> <span class='ocrx_word' id='word_1_9' title='bbox 955 907 989 959; x_wconf 89' lang='lat' dir='ltr'><strong>et</strong></span> <span class='ocrx_word' id='word_1_10' title='bbox 1014 918 1136 981; x_wconf 85' lang='lat' dir='ltr'><strong>pacem.</strong></span> <span class='ocrx_word' id='word_1_11' title='bbox 1184 900 1252 962; x_wconf 86' lang='lat' dir='ltr'><strong>Scit</strong></span> 
     </span>
    </p>
   </div>
   <div class='ocr_carea' id='block_1_3' title="bbox 293 996 1252 1290">
    <p class='ocr_par' dir='ltr' id='par_1_3' title="bbox 293 996 1252 1290">
     <span class='ocr_line' id='line_1_3' title="bbox 296 996 1251 1085; baseline -0.005 -17"><span class='ocrx_word' id='word_1_12' title='bbox 296 1002 382 1068; x_wconf 83' lang='lat' dir='ltr'><strong>enim</strong></span> <span class='ocrx_word' id='word_1_13' title='bbox 397 1000 615 1065; x_wconf 82' lang='lat' dir='ltr'>indubitanter</span> <span class='ocrx_word' id='word_1_14' title='bbox 625 999 721 1085; x_wconf 93' lang='lat' dir='ltr'><strong>quod,</strong></span> <span class='ocrx_word' id='word_1_15' title='bbox 732 999 758 1062; x_wconf 92' lang='lat' dir='ltr'><strong>si</strong></span> <span class='ocrx_word' id='word_1_16' title='bbox 773 997 834 1061; x_wconf 88' lang='lat' dir='ltr'><strong>hac</strong></span> <span class='ocrx_word' id='word_1_17' title='bbox 844 997 895 1061; x_wconf 86' lang='lat' dir='ltr'><strong>via</strong></span> <span class='ocrx_word' id='word_1_18' title='bbox 906 996 1080 1073; x_wconf 85' lang='lat' dir='ltr'><strong>incesserit,</strong></span> <span class='ocrx_word' id='word_1_19' title='bbox 1097 1010 1251 1063; x_wconf 87' lang='lat' dir='ltr'><strong>aeternam</strong></span> 
     </span>
     <span class='ocr_line' id='line_1_4' title="bbox 293 1098 1252 1186; baseline 0 -20"><span class='ocrx_word' id='word_1_20' title='bbox 293 1103 427 1186; x_wconf 83' lang='lat' dir='ltr'>gloriam</span> <span class='ocrx_word' id='word_1_21' title='bbox 443 1125 549 1167; x_wconf 88' lang='lat' dir='ltr'><strong>coram</strong></span> <span class='ocrx_word' id='word_1_22' title='bbox 573 1103 645 1166; x_wconf 93' lang='lat' dir='ltr'><strong>Deo</strong></span> <span class='ocrx_word' id='word_1_23' title='bbox 660 1112 693 1165; x_wconf 92' lang='lat' dir='ltr'><strong>et</strong></span> <span class='ocrx_word' id='word_1_24' title='bbox 714 1098 897 1164; x_wconf 91' lang='lat' dir='ltr'><strong>homiuibus</strong></span> <span class='ocrx_word' id='word_1_25' title='bbox 919 1099 1160 1184; x_wconf 83' lang='lat' dir='ltr'><strong>promerebitur.</strong></span> <span class='ocrx_word' id='word_1_26' title='bbox 1207 1101 1252 1167; x_wconf 85' lang='lat' dir='ltr'><strong>Et</strong></span> 
     </span>
     <span class='ocr_line' id='line_1_5' title="bbox 295 1200 1250 1290; baseline 0 -22"><span class='ocrx_word' id='word_1_27' title='bbox 295 1205 370 1290; x_wconf 90' lang='lat' dir='ltr'><strong>quia</strong></span> <span class='ocrx_word' id='word_1_28' title='bbox 389 1228 506 1290; x_wconf 88' lang='lat' dir='ltr'><strong>paucos</strong></span> <span class='ocrx_word' id='word_1_29' title='bbox 524 1205 647 1269; x_wconf 91' lang='lat' dir='ltr'><strong>invenit</strong></span> <span class='ocrx_word' id='word_1_30' title='bbox 669 1202 786 1290; x_wconf 87' lang='lat' dir='ltr'><strong>quibus</strong></span> <span class='ocrx_word' id='word_1_31' title='bbox 807 1200 1005 1266; x_wconf 87' lang='lat' dir='ltr'><strong>confidenter</strong></span> <span class='ocrx_word' id='word_1_32' title='bbox 1027 1201 1124 1288; x_wconf 89' lang='lat' dir='ltr'><strong>possit</strong></span> <span class='ocrx_word' id='word_1_33' title='bbox 1145 1202 1250 1286; x_wconf 91' lang='lat' dir='ltr'><strong>inniti,</strong></span> 
     </span>
    </p>
   </div>
   <div class='ocr_carea' id='block_1_4' title="bbox 192 1305 1249 1392">
    <p class='ocr_par' dir='ltr' id='par_1_4' title="bbox 192 1305 1249 1392">
     <span class='ocr_line' id='line_1_6' title="bbox 192 1305 1249 1392; baseline 0.002 -23"><span class='ocrx_word' id='word_1_34' title='bbox 192 1353 195 1357; x_wconf 77' lang='lat'><strong>·</strong></span> <span class='ocrx_word' id='word_1_35' title='bbox 295 1328 349 1370; x_wconf 91' lang='lat' dir='ltr'><strong>vos</strong></span> <span class='ocrx_word' id='word_1_36' title='bbox 372 1307 582 1372; x_wconf 87' lang='lat' dir='ltr'><strong>constantiam</strong></span> <span class='ocrx_word' id='word_1_37' title='bbox 608 1328 716 1392; x_wconf 86' lang='lat' dir='ltr'><strong>quaeso</strong></span> <span class='ocrx_word' id='word_1_38' title='bbox 740 1305 810 1390; x_wconf 88' lang='lat' dir='ltr'><strong>ejus</strong></span> <span class='ocrx_word' id='word_1_39' title='bbox 832 1305 960 1388; x_wconf 84' lang='lat' dir='ltr'><strong>erigatis</strong></span> <span class='ocrx_word' id='word_1_40' title='bbox 982 1314 1016 1367; x_wconf 95' lang='lat' dir='ltr'><strong>et</strong></span> <span class='ocrx_word' id='word_1_41' title='bbox 1040 1305 1192 1370; x_wconf 89' lang='lat' dir='ltr'><strong>roboretis</strong></span> <span class='ocrx_word' id='word_1_42' title='bbox 1215 1307 1249 1370; x_wconf 92' lang='lat' dir='ltr'><strong>in</strong></span> 
     </span>
    </p>
   </div>
   <div class='ocr_carea' id='block_1_5' title="bbox 289 1406 1251 2611">
    <p class='ocr_par' dir='ltr' id='par_1_5' title="bbox 289 1406 1251 2611">
     <span class='ocr_line' id='line_1_7' title="bbox 297 1406 1251 1493; baseline 0.003 -22"><span class='ocrx_word' id='word_1_43' title='bbox 297 1408 447 1473; x_wconf 92' lang='lat' dir='ltr'><strong>Domino.</strong></span> <span class='ocrx_word' id='word_1_44' title='bbox 487 1409 569 1485; x_wconf 85' lang='lat' dir='ltr'><strong>Rex,</strong></span> <span class='ocrx_word' id='word_1_45' title='bbox 585 1409 658 1471; x_wconf 88' lang='lat' dir='ltr'><strong>Deo</strong></span> <span class='ocrx_word' id='word_1_46' title='bbox 679 1407 825 1493; x_wconf 91' lang='lat' dir='ltr'><strong>propitio,</strong></span> <span class='ocrx_word' id='word_1_47' title='bbox 841 1407 924 1471; x_wconf 91' lang='lat' dir='ltr'><strong>bene</strong></span> <span class='ocrx_word' id='word_1_48' title='bbox 940 1406 1090 1470; x_wconf 92' lang='lat' dir='ltr'><strong>solvendo</strong></span> <span class='ocrx_word' id='word_1_49' title='bbox 1105 1418 1170 1471; x_wconf 88' lang='lat' dir='ltr'><strong>est:</strong></span> <span class='ocrx_word' id='word_1_50' title='bbox 1207 1409 1251 1475; x_wconf 89' lang='lat' dir='ltr'><strong>Et</strong></span> 
     </span>
     <span class='ocr_line' id='line_1_8' title="bbox 295 1508 1248 1595; baseline 0.004 -22"><span class='ocrx_word' id='word_1_51' title='bbox 295 1521 417 1573; x_wconf 89' lang='lat' dir='ltr'><strong>constat</strong></span> <span class='ocrx_word' id='word_1_52' title='bbox 433 1508 707 1595; x_wconf 85' lang='lat' dir='ltr'><strong>impoenitentibus</strong></span> <span class='ocrx_word' id='word_1_53' title='bbox 726 1519 858 1594; x_wconf 91' lang='lat' dir='ltr'><strong>peccata</strong></span> <span class='ocrx_word' id='word_1_54' title='bbox 872 1530 936 1571; x_wconf 92' lang='lat' dir='ltr'><strong>uon</strong></span> <span class='ocrx_word' id='word_1_55' title='bbox 951 1530 1042 1593; x_wconf 90' lang='lat' dir='ltr'><strong>posse</strong></span> <span class='ocrx_word' id='word_1_56' title='bbox 1057 1509 1196 1574; x_wconf 88' lang='lat' dir='ltr'><strong>remitti:</strong></span> <span class='ocrx_word' id='word_1_57' title='bbox 1222 1514 1248 1577; x_wconf 92' lang='lat' dir='ltr'><strong>si</strong></span> 
     </span>
     <span class='ocr_line' id='line_1_9' title="bbox 294 1610 1248 1698; baseline 0.003 -24"><span class='ocrx_word' id='word_1_58' title='bbox 294 1634 369 1675; x_wconf 91' lang='lat' dir='ltr'><strong>vero</strong></span> <span class='ocrx_word' id='word_1_59' title='bbox 384 1634 433 1676; x_wconf 91' lang='lat' dir='ltr'><strong>res</strong></span> <span class='ocrx_word' id='word_1_60' title='bbox 448 1613 564 1688; x_wconf 89' lang='lat' dir='ltr'><strong>ablata,</strong></span> <span class='ocrx_word' id='word_1_61' title='bbox 577 1634 678 1698; x_wconf 89' lang='lat' dir='ltr'><strong>quum</strong></span> <span class='ocrx_word' id='word_1_62' title='bbox 694 1611 785 1675; x_wconf 91' lang='lat' dir='ltr'><strong>reddi</strong></span> <span class='ocrx_word' id='word_1_63' title='bbox 801 1611 907 1698; x_wconf 82' lang='lat' dir='ltr'><strong>possit,</strong></span> <span class='ocrx_word' id='word_1_64' title='bbox 922 1633 986 1674; x_wconf 93' lang='lat' dir='ltr'><strong>non</strong></span> <span class='ocrx_word' id='word_1_65' title='bbox 1002 1610 1160 1691; x_wconf 90' lang='lat' dir='ltr'><strong>redditur;</strong></span> <span class='ocrx_word' id='word_1_66' title='bbox 1184 1635 1248 1677; x_wconf 93' lang='lat' dir='ltr'><strong>non</strong></span> 
     </span>
     <span class='ocr_line' id='line_1_10' title="bbox 294 1712 1248 1799; baseline 0.002 -23"><span class='ocrx_word' id='word_1_67' title='bbox 294 1713 399 1796; x_wconf 86' lang='lat' dir='ltr'><strong>agitur</strong></span> <span class='ocrx_word' id='word_1_68' title='bbox 423 1714 622 1799; x_wconf 84' lang='lat' dir='ltr'><strong>poenitentia,</strong></span> <span class='ocrx_word' id='word_1_69' title='bbox 649 1714 704 1777; x_wconf 92' lang='lat' dir='ltr'><strong>sed</strong></span> <span class='ocrx_word' id='word_1_70' title='bbox 729 1712 870 1797; x_wconf 86' lang='lat' dir='ltr'><strong>fingitur.</strong></span> <span class='ocrx_word' id='word_1_71' title='bbox 916 1712 1004 1787; x_wconf 87' lang='lat' dir='ltr'><strong>Quid</strong></span> <span class='ocrx_word' id='word_1_72' title='bbox 1029 1714 1248 1778; x_wconf 87' lang='lat' dir='ltr'><strong>excommuni-</strong></span> 
     </span>
     <span class='ocr_line' id='line_1_11' title="bbox 293 1813 1246 1900; baseline 0.003 -22"><span class='ocrx_word' id='word_1_73' title='bbox 293 1814 371 1879; x_wconf 80' lang='lat' dir='ltr'><strong>catis</strong></span> <span class='ocrx_word' id='word_1_74' title='bbox 393 1817 535 1880; x_wconf 89' lang='lat' dir='ltr'><strong>conseret</strong></span> <span class='ocrx_word' id='word_1_75' title='bbox 556 1813 723 1896; x_wconf 86' lang='lat' dir='ltr'><strong>absolutio,</strong></span> <span class='ocrx_word' id='word_1_76' title='bbox 738 1814 799 1877; x_wconf 91' lang='lat' dir='ltr'><strong>nisi</strong></span> <span class='ocrx_word' id='word_1_77' title='bbox 821 1814 1046 1878; x_wconf 83' lang='lat' dir='ltr'><strong>satisfecerint</strong></span> <span class='ocrx_word' id='word_1_78' title='bbox 1067 1815 1108 1878; x_wconf 89' lang='lat' dir='ltr'><strong>de</strong></span> <span class='ocrx_word' id='word_1_79' title='bbox 1122 1813 1246 1900; x_wconf 89' lang='lat' dir='ltr'><strong>injuriis</strong></span> 
     </span>
     <span class='ocr_line' id='line_1_12' title="bbox 293 1914 1247 2002; baseline 0.003 -22"><span class='ocrx_word' id='word_1_80' title='bbox 293 1927 326 1980; x_wconf 89' lang='lat' dir='ltr'><strong>et</strong></span> <span class='ocrx_word' id='word_1_81' title='bbox 352 1916 481 2002; x_wconf 89' lang='lat' dir='ltr'><strong>rapinis,</strong></span> <span class='ocrx_word' id='word_1_82' title='bbox 503 1928 537 1981; x_wconf 92' lang='lat' dir='ltr'><strong>et</strong></span> <span class='ocrx_word' id='word_1_83' title='bbox 559 1927 625 1981; x_wconf 85' lang='lat' dir='ltr'><strong>tam</strong></span> <span class='ocrx_word' id='word_1_84' title='bbox 648 1915 816 1980; x_wconf 85' lang='lat' dir='ltr'><strong>manifesto</strong></span> <span class='ocrx_word' id='word_1_85' title='bbox 840 1914 1066 1979; x_wconf 76' lang='lat' dir='ltr'><strong>inobedientiae</strong></span> <span class='ocrx_word' id='word_1_86' title='bbox 1091 1917 1247 1983; x_wconf 84' lang='lat' dir='ltr'><strong>crimine?</strong></span> 
     </span>
     <span class='ocr_line' id='line_1_13' title="bbox 293 2015 1246 2103; baseline -0.003 -24"><span class='ocrx_word' id='word_1_87' title='bbox 293 2016 436 2082; x_wconf 85' lang='lat' dir='ltr'><strong>Crimina</strong></span> <span class='ocrx_word' id='word_1_88' title='bbox 457 2018 673 2103; x_wconf 83' lang='lat' dir='ltr'><strong>publicatione</strong></span> <span class='ocrx_word' id='word_1_89' title='bbox 695 2016 743 2081; x_wconf 90' lang='lat' dir='ltr'><strong>sui</strong></span> <span class='ocrx_word' id='word_1_90' title='bbox 765 2015 1001 2081; x_wconf 86' lang='lat' dir='ltr'><strong>evidentissima</strong></span> <span class='ocrx_word' id='word_1_91' title='bbox 1023 2027 1123 2080; x_wconf 89' lang='lat' dir='ltr'><strong>totam</strong></span> <span class='ocrx_word' id='word_1_92' title='bbox 1146 2018 1246 2084; x_wconf 91' lang='lat' dir='ltr'><strong>eccle.</strong></span> 
     </span>
     <span class='ocr_line' id='line_1_14' title="bbox 291 2118 1244 2206; baseline 0.001 -22"><span class='ocrx_word' id='word_1_93' title='bbox 291 2118 370 2184; x_wconf 88' lang='lat' dir='ltr'><strong>siam</strong></span> <span class='ocrx_word' id='word_1_94' title='bbox 395 2120 484 2205; x_wconf 83' lang='lat' dir='ltr'><strong>gravi</strong></span> <span class='ocrx_word' id='word_1_95' title='bbox 510 2119 659 2184; x_wconf 92' lang='lat' dir='ltr'><strong>scandalo</strong></span> <span class='ocrx_word' id='word_1_96' title='bbox 689 2120 882 2186; x_wconf 88' lang='lat' dir='ltr'><strong>affecerunt:</strong></span> <span class='ocrx_word' id='word_1_97' title='bbox 915 2129 1040 2206; x_wconf 87' lang='lat' dir='ltr'><strong>etquae</strong></span> <span class='ocrx_word' id='word_1_98' title='bbox 1065 2119 1244 2185; x_wconf 84' lang='lat' dir='ltr'><strong>inlumina</strong></span> 
     </span>
     <span class='ocr_line' id='line_1_15' title="bbox 290 2219 1243 2307; baseline 0.003 -23"><span class='ocrx_word' id='word_1_99' title='bbox 290 2222 455 2286; x_wconf 89' lang='lat' dir='ltr'><strong>commissa</strong></span> <span class='ocrx_word' id='word_1_100' title='bbox 470 2233 554 2303; x_wconf 90' lang='lat' dir='ltr'><strong>sunt,</strong></span> <span class='ocrx_word' id='word_1_101' title='bbox 570 2243 635 2285; x_wconf 93' lang='lat' dir='ltr'><strong>non</strong></span> <span class='ocrx_word' id='word_1_102' title='bbox 650 2221 772 2284; x_wconf 91' lang='lat' dir='ltr'><strong>debent</strong></span> <span class='ocrx_word' id='word_1_103' title='bbox 785 2223 818 2283; x_wconf 90' lang='lat' dir='ltr'><strong>in</strong></span> <span class='ocrx_word' id='word_1_104' title='bbox 833 2219 974 2284; x_wconf 91' lang='lat' dir='ltr'><strong>tenebris</strong></span> <span class='ocrx_word' id='word_1_105' title='bbox 995 2220 1133 2288; x_wconf 86' lang='lat' dir='ltr'><strong>aboleri:</strong></span> <span class='ocrx_word' id='word_1_106' title='bbox 1160 2244 1243 2307; x_wconf 85' lang='lat' dir='ltr'><strong>prae·</strong></span> 
     </span>
     <span class='ocr_line' id='line_1_16' title="bbox 292 2321 1242 2411; baseline 0.001 -24"><span class='ocrx_word' id='word_1_107' title='bbox 292 2324 400 2388; x_wconf 89' lang='lat' dir='ltr'><strong>sertim</strong></span> <span class='ocrx_word' id='word_1_108' title='bbox 416 2346 519 2411; x_wconf 92' lang='lat' dir='ltr'><strong>quum</strong></span> <span class='ocrx_word' id='word_1_109' title='bbox 534 2346 597 2387; x_wconf 93' lang='lat' dir='ltr'><strong>non</strong></span> <span class='ocrx_word' id='word_1_110' title='bbox 614 2323 654 2387; x_wconf 89' lang='lat' dir='ltr'><strong>sit</strong></span> <span class='ocrx_word' id='word_1_111' title='bbox 665 2322 788 2408; x_wconf 92' lang='lat' dir='ltr'><strong>aliquid</strong></span> <span class='ocrx_word' id='word_1_112' title='bbox 804 2321 964 2385; x_wconf 91' lang='lat' dir='ltr'><strong>occultum</strong></span> <span class='ocrx_word' id='word_1_113' title='bbox 976 2322 1062 2407; x_wconf 94' lang='lat' dir='ltr'><strong>quod</strong></span> <span class='ocrx_word' id='word_1_114' title='bbox 1077 2344 1141 2386; x_wconf 92' lang='lat' dir='ltr'><strong>non</strong></span> <span class='ocrx_word' id='word_1_115' title='bbox 1152 2345 1242 2388; x_wconf 90' lang='lat' dir='ltr'><strong>reve-</strong></span> 
     </span>
     <span class='ocr_line' id='line_1_17' title="bbox 289 2421 1241 2510; baseline 0.003 -24"><span class='ocrx_word' id='word_1_116' title='bbox 289 2424 383 2500; x_wconf 88' lang='lat' dir='ltr'><strong>letur,</strong></span> <span class='ocrx_word' id='word_1_117' title='bbox 404 2435 438 2488; x_wconf 93' lang='lat' dir='ltr'><strong>et</strong></span> <span class='ocrx_word' id='word_1_118' title='bbox 459 2424 546 2510; x_wconf 95' lang='lat' dir='ltr'><strong>quod</strong></span> <span class='ocrx_word' id='word_1_119' title='bbox 567 2445 631 2487; x_wconf 91' lang='lat' dir='ltr'><strong>non</strong></span> <span class='ocrx_word' id='word_1_120' title='bbox 654 2422 847 2507; x_wconf 84' lang='lat' dir='ltr'><strong>praedieetur</strong></span> <span class='ocrx_word' id='word_1_121' title='bbox 868 2421 900 2484; x_wconf 92' lang='lat' dir='ltr'><strong>iu</strong></span> <span class='ocrx_word' id='word_1_122' title='bbox 924 2421 1070 2506; x_wconf 87' lang='lat' dir='ltr'><strong>compitis</strong></span> <span class='ocrx_word' id='word_1_123' title='bbox 1092 2434 1126 2487; x_wconf 90' lang='lat' dir='ltr'><strong>et</strong></span> <span class='ocrx_word' id='word_1_124' title='bbox 1146 2446 1241 2510; x_wconf 90' lang='lat' dir='ltr'><strong>super</strong></span> 
     </span>
     <span class='ocr_line' id='line_1_18' title="bbox 289 2521 1241 2611; baseline 0.003 -24"><span class='ocrx_word' id='word_1_125' title='bbox 289 2536 383 2590; x_wconf 88' lang='lat' dir='ltr'><strong>tecta.</strong></span> <span class='ocrx_word' id='word_1_126' title='bbox 436 2525 469 2589; x_wconf 91' lang='lat' dir='ltr'><strong>Si</strong></span> <span class='ocrx_word' id='word_1_127' title='bbox 498 2524 566 2589; x_wconf 89' lang='lat' dir='ltr'><strong>sine</strong></span> <span class='ocrx_word' id='word_1_128' title='bbox 591 2525 777 2611; x_wconf 89' lang='lat' dir='ltr'><strong>juramento</strong></span> <span class='ocrx_word' id='word_1_129' title='bbox 806 2523 925 2587; x_wconf 87' lang='lat' dir='ltr'><strong>suerint</strong></span> <span class='ocrx_word' id='word_1_130' title='bbox 953 2521 1102 2606; x_wconf 81' lang='lat' dir='ltr'><strong>absoluti,</strong></span> <span class='ocrx_word' id='word_1_131' title='bbox 1131 2539 1241 2590; x_wconf 88' lang='lat' dir='ltr'><strong>contra</strong></span> 
     </span>
    </p>
   </div>
   <div class='ocr_carea' id='block_1_6' title="bbox 285 2624 1241 3119">
    <p class='ocr_par' dir='ltr' id='par_1_6' title="bbox 285 2624 1241 3119">
     <span class='ocr_line' id='line_1_19' title="bbox 287 2624 1241 2714; baseline 0.003 -25"><span class='ocrx_word' id='word_1_132' title='bbox 287 2628 421 2691; x_wconf 87' lang='lat' dir='ltr'><strong>formam</strong></span> <span class='ocrx_word' id='word_1_133' title='bbox 448 2626 609 2714; x_wconf 92' lang='lat' dir='ltr'><strong>publicam</strong></span> <span class='ocrx_word' id='word_1_134' title='bbox 635 2636 669 2689; x_wconf 91' lang='lat' dir='ltr'><strong>et</strong></span> <span class='ocrx_word' id='word_1_135' title='bbox 693 2625 727 2687; x_wconf 92' lang='lat' dir='ltr'><strong>in</strong></span> <span class='ocrx_word' id='word_1_136' title='bbox 751 2624 914 2689; x_wconf 82' lang='lat' dir='ltr'><strong>laesionem</strong></span> <span class='ocrx_word' id='word_1_137' title='bbox 937 2625 1081 2690; x_wconf 86' lang='lat' dir='ltr'><strong>eccleaiae</strong></span> <span class='ocrx_word' id='word_1_138' title='bbox 1102 2626 1241 2710; x_wconf 83' lang='lat' dir='ltr'><strong>graviter</strong></span> 
     </span>
     <span class='ocr_line' id='line_1_20' title="bbox 287 2726 1239 2813; baseline 0 -21"><span class='ocrx_word' id='word_1_139' title='bbox 287 2741 514 2813; x_wconf 84' lang='lat' dir='ltr'><strong>praesumetur:</strong></span> <span class='ocrx_word' id='word_1_140' title='bbox 542 2728 602 2793; x_wconf 90' lang='lat' dir='ltr'><strong>nisi</strong></span> <span class='ocrx_word' id='word_1_141' title='bbox 625 2726 832 2792; x_wconf 89' lang='lat' dir='ltr'><strong>restitutionis</strong></span> <span class='ocrx_word' id='word_1_142' title='bbox 853 2727 1010 2791; x_wconf 86' lang='lat' dir='ltr'><strong>faciendae</strong></span> <span class='ocrx_word' id='word_1_143' title='bbox 1031 2728 1164 2791; x_wconf 90' lang='lat' dir='ltr'><strong>verbum</strong></span> <span class='ocrx_word' id='word_1_144' title='bbox 1179 2728 1239 2792; x_wconf 86' lang='lat' dir='ltr'><strong>rite</strong></span> 
     </span>
     <span class='ocr_line' id='line_1_21' title="bbox 287 2830 1240 2918; baseline 0.003 -24"><span class='ocrx_word' id='word_1_145' title='bbox 287 2832 482 2917; x_wconf 86' lang='lat' dir='ltr'><strong>processerit,</strong></span> <span class='ocrx_word' id='word_1_146' title='bbox 513 2830 708 2918; x_wconf 92' lang='lat' dir='ltr'><strong>principibus</strong></span> <span class='ocrx_word' id='word_1_147' title='bbox 737 2843 771 2894; x_wconf 90' lang='lat' dir='ltr'><strong>et</strong></span> <span class='ocrx_word' id='word_1_148' title='bbox 800 2830 942 2916; x_wconf 80' lang='lat' dir='ltr'><strong>tyrannis</strong></span> <span class='ocrx_word' id='word_1_149' title='bbox 975 2840 1041 2895; x_wconf 86' lang='lat' dir='ltr'><strong>tam</strong></span> <span class='ocrx_word' id='word_1_150' title='bbox 1070 2832 1240 2896; x_wconf 85' lang='lat' dir='ltr'><strong>coaetaneis</strong></span> 
     </span>
     <span class='ocr_line' id='line_1_22' title="bbox 285 2931 1238 3019; baseline 0 -22"><span class='ocrx_word' id='word_1_151' title='bbox 285 2955 381 3019; x_wconf 91' lang='lat' dir='ltr'><strong>quam</strong></span> <span class='ocrx_word' id='word_1_152' title='bbox 397 2934 521 3015; x_wconf 80' lang='lat' dir='ltr'><strong>futuris,</strong></span> <span class='ocrx_word' id='word_1_153' title='bbox 532 2933 742 3019; x_wconf 90' lang='lat' dir='ltr'><strong>perniciosum</strong></span> <span class='ocrx_word' id='word_1_154' title='bbox 759 2931 958 3017; x_wconf 90' lang='lat' dir='ltr'><strong>relinquetur</strong></span> <span class='ocrx_word' id='word_1_155' title='bbox 968 2932 1163 3018; x_wconf 86' lang='lat' dir='ltr'><strong>exemplum.</strong></span> <span class='ocrx_word' id='word_1_156' title='bbox 1203 2932 1238 2997; x_wconf 89' lang='lat' dir='ltr'><strong>Si</strong></span> 
     </span>
     <span class='ocr_line' id='line_1_23' title="bbox 285 3034 1239 3119; baseline 0.003 -22"><span class='ocrx_word' id='word_1_157' title='bbox 285 3057 341 3098; x_wconf 86' lang='lat' dir='ltr'><strong>rex</strong></span> <span class='ocrx_word' id='word_1_158' title='bbox 370 3035 544 3099; x_wconf 89' lang='lat' dir='ltr'><strong>obtinuerit</strong></span> <span class='ocrx_word' id='word_1_159' title='bbox 573 3045 609 3098; x_wconf 92' lang='lat' dir='ltr'><strong>ut</strong></span> <span class='ocrx_word' id='word_1_160' title='bbox 638 3034 737 3119; x_wconf 90' lang='lat' dir='ltr'><strong>pactis</strong></span> <span class='ocrx_word' id='word_1_161' title='bbox 766 3035 924 3097; x_wconf 91' lang='lat' dir='ltr'><strong>inseratur</strong></span> <span class='ocrx_word' id='word_1_162' title='bbox 952 3034 1042 3119; x_wconf 85' lang='lat' dir='ltr'><strong>regni</strong></span> <span class='ocrx_word' id='word_1_163' title='bbox 1068 3034 1239 3118; x_wconf 84' lang='lat' dir='ltr'><strong>dignitates</strong></span> 
     </span>
    </p>
   </div>
   <div class='ocr_carea' id='block_1_7' title="bbox 280 3135 1238 3932">
    <p class='ocr_par' dir='ltr' id='par_1_7' title="bbox 280 3135 1238 3932">
     <span class='ocr_line' id='line_1_24' title="bbox 285 3135 1238 3212; baseline 0.004 -13"><span class='ocrx_word' id='word_1_164' title='bbox 285 3135 386 3199; x_wconf 90' lang='lat' dir='ltr'><strong>salvas</strong></span> <span class='ocrx_word' id='word_1_165' title='bbox 414 3136 492 3212; x_wconf 84' lang='lat' dir='ltr'><strong>fore,</strong></span> <span class='ocrx_word' id='word_1_166' title='bbox 523 3135 768 3200; x_wconf 86' lang='lat' dir='ltr'><strong>consuetudines</strong></span> <span class='ocrx_word' id='word_1_167' title='bbox 802 3135 897 3200; x_wconf 82' lang='lat' dir='ltr'><strong>evicit</strong></span> <span class='ocrx_word' id='word_1_168' title='bbox 930 3147 1053 3203; x_wconf 88' lang='lat' dir='ltr'><strong>mutato</strong></span> <span class='ocrx_word' id='word_1_169' title='bbox 1083 3137 1238 3203; x_wconf 80' lang='lat' dir='ltr'><strong>duntaxat</strong></span> 
     </span>
     <span class='ocr_line' id='line_1_25' title="bbox 284 3236 1236 3319; baseline 0.004 -19"><span class='ocrx_word' id='word_1_170' title='bbox 284 3236 425 3319; x_wconf 87' lang='lat' dir='ltr'><strong>nomine,</strong></span> <span class='ocrx_word' id='word_1_171' title='bbox 447 3247 480 3301; x_wconf 89' lang='lat' dir='ltr'><strong>et</strong></span> <span class='ocrx_word' id='word_1_172' title='bbox 504 3260 631 3302; x_wconf 89' lang='lat' dir='ltr'><strong>omnem</strong></span> <span class='ocrx_word' id='word_1_173' title='bbox 662 3236 805 3301; x_wconf 88' lang='lat' dir='ltr'><strong>ecclesiae</strong></span> <span class='ocrx_word' id='word_1_174' title='bbox 835 3236 991 3301; x_wconf 84' lang='lat' dir='ltr'><strong>Romanae</strong></span> <span class='ocrx_word' id='word_1_175' title='bbox 1015 3238 1236 3304; x_wconf 86' lang='lat' dir='ltr'><strong>auctoritatem</strong></span> 
     </span>
     <span class='ocr_line' id='line_1_26' title="bbox 285 3337 1237 3425; baseline 0.005 -24"><span class='ocrx_word' id='word_1_176' title='bbox 285 3337 461 3403; x_wconf 90' lang='lat' dir='ltr'><strong>eliminavit</strong></span> <span class='ocrx_word' id='word_1_177' title='bbox 475 3340 516 3403; x_wconf 90' lang='lat' dir='ltr'><strong>ab</strong></span> <span class='ocrx_word' id='word_1_178' title='bbox 539 3339 664 3423; x_wconf 84' lang='lat' dir='ltr'><strong>Anglia.</strong></span> <span class='ocrx_word' id='word_1_179' title='bbox 712 3338 775 3402; x_wconf 90' lang='lat' dir='ltr'><strong>Sed</strong></span> <span class='ocrx_word' id='word_1_180' title='bbox 798 3338 880 3402; x_wconf 93' lang='lat' dir='ltr'><strong>absit</strong></span> <span class='ocrx_word' id='word_1_181' title='bbox 902 3351 939 3402; x_wconf 90' lang='lat' dir='ltr'><strong>ut</strong></span> <span class='ocrx_word' id='word_1_182' title='bbox 961 3338 1083 3425; x_wconf 90' lang='lat' dir='ltr'><strong>aliquid</strong></span> <span class='ocrx_word' id='word_1_183' title='bbox 1103 3341 1237 3406; x_wconf 86' lang='lat' dir='ltr'><strong>istorum</strong></span> 
     </span>
     <span class='ocr_line' id='line_1_27' title="bbox 285 3439 1236 3529; baseline 0.004 -26"><span class='ocrx_word' id='word_1_184' title='bbox 285 3439 358 3505; x_wconf 86' lang='lat' dir='ltr'><strong>fiat:</strong></span> <span class='ocrx_word' id='word_1_185' title='bbox 388 3453 421 3505; x_wconf 87' lang='lat' dir='ltr'><strong>et</strong></span> <span class='ocrx_word' id='word_1_186' title='bbox 436 3453 541 3506; x_wconf 88' lang='lat' dir='ltr'><strong>certus</strong></span> <span class='ocrx_word' id='word_1_187' title='bbox 563 3463 634 3505; x_wconf 91' lang='lat' dir='ltr'><strong>sum</strong></span> <span class='ocrx_word' id='word_1_188' title='bbox 649 3440 736 3528; x_wconf 93' lang='lat' dir='ltr'><strong>quod</strong></span> <span class='ocrx_word' id='word_1_189' title='bbox 752 3439 901 3505; x_wconf 91' lang='lat' dir='ltr'><strong>dominus</strong></span> <span class='ocrx_word' id='word_1_190' title='bbox 917 3441 1137 3508; x_wconf 88' lang='lat' dir='ltr'><strong>Cantuariens.</strong></span> <span class='ocrx_word' id='word_1_191' title='bbox 1152 3465 1236 3529; x_wconf 85' lang='lat' dir='ltr'><strong>prae-</strong></span> 
     </span>
     <span class='ocr_line' id='line_1_28' title="bbox 282 3541 1236 3629; baseline 0.003 -24"><span class='ocrx_word' id='word_1_192' title='bbox 282 3542 379 3626; x_wconf 87' lang='lat' dir='ltr'><strong>elegit</strong></span> <span class='ocrx_word' id='word_1_193' title='bbox 393 3541 521 3608; x_wconf 90' lang='lat' dir='ltr'><strong>exulare</strong></span> <span class='ocrx_word' id='word_1_194' title='bbox 541 3555 706 3628; x_wconf 84' lang='lat' dir='ltr'><strong>perpetue,</strong></span> <span class='ocrx_word' id='word_1_195' title='bbox 723 3564 820 3629; x_wconf 92' lang='lat' dir='ltr'><strong>quam</strong></span> <span class='ocrx_word' id='word_1_196' title='bbox 836 3552 872 3605; x_wconf 94' lang='lat' dir='ltr'><strong>ut</strong></span> <span class='ocrx_word' id='word_1_197' title='bbox 891 3552 1021 3627; x_wconf 91' lang='lat' dir='ltr'><strong>propter</strong></span> <span class='ocrx_word' id='word_1_198' title='bbox 1035 3564 1147 3627; x_wconf 90' lang='lat' dir='ltr'><strong>pacem</strong></span> <span class='ocrx_word' id='word_1_199' title='bbox 1167 3545 1236 3626; x_wconf 88' lang='lat' dir='ltr'><strong>ejus</strong></span> 
     </span>
     <span class='ocr_line' id='line_1_29' title="bbox 282 3643 1235 3729; baseline 0.001 -23"><span class='ocrx_word' id='word_1_200' title='bbox 282 3643 417 3709; x_wconf 88' lang='lat' dir='ltr'><strong>laedatur</strong></span> <span class='ocrx_word' id='word_1_201' title='bbox 431 3645 565 3710; x_wconf 89' lang='lat' dir='ltr'><strong>ecclesia</strong></span> <span class='ocrx_word' id='word_1_202' title='bbox 587 3656 619 3709; x_wconf 88' lang='lat' dir='ltr'><strong>et</strong></span> <span class='ocrx_word' id='word_1_203' title='bbox 634 3644 717 3709; x_wconf 90' lang='lat' dir='ltr'><strong>sedis</strong></span> <span class='ocrx_word' id='word_1_204' title='bbox 739 3643 921 3729; x_wconf 87' lang='lat' dir='ltr'><strong>apostolieae</strong></span> <span class='ocrx_word' id='word_1_205' title='bbox 937 3643 1137 3729; x_wconf 84' lang='lat' dir='ltr'><strong>privilegium</strong></span> <span class='ocrx_word' id='word_1_206' title='bbox 1161 3665 1235 3707; x_wconf 90' lang='lat' dir='ltr'><strong>eon-</strong></span> 
     </span>
     <span class='ocr_line' id='line_1_30' title="bbox 280 3743 1234 3829; baseline 0.001 -21"><span class='ocrx_word' id='word_1_207' title='bbox 280 3747 423 3811; x_wconf 85' lang='lat' dir='ltr'><strong>vellatur.</strong></span> <span class='ocrx_word' id='word_1_208' title='bbox 466 3747 608 3811; x_wconf 85' lang='lat' dir='ltr'><strong>Suadete</strong></span> <span class='ocrx_word' id='word_1_209' title='bbox 624 3768 700 3829; x_wconf 85' lang='lat' dir='ltr'><strong>ergo</strong></span> <span class='ocrx_word' id='word_1_210' title='bbox 715 3746 845 3809; x_wconf 89' lang='lat' dir='ltr'><strong>domino</strong></span> <span class='ocrx_word' id='word_1_211' title='bbox 862 3743 1017 3809; x_wconf 92' lang='lat' dir='ltr'><strong>Gratiano</strong></span> <span class='ocrx_word' id='word_1_212' title='bbox 1031 3756 1069 3808; x_wconf 92' lang='lat' dir='ltr'><strong>ut</strong></span> <span class='ocrx_word' id='word_1_213' title='bbox 1084 3744 1116 3808; x_wconf 90' lang='lat' dir='ltr'><strong>in</strong></span> <span class='ocrx_word' id='word_1_214' title='bbox 1132 3745 1234 3809; x_wconf 89' lang='lat' dir='ltr'><strong>omni-</strong></span> 
     </span>
     <span class='ocr_line' id='line_1_31' title="bbox 281 3836 1233 3932; baseline 0.002 -24"><span class='ocrx_word' id='word_1_215' title='bbox 281 3836 341 3911; x_wconf 91' lang='lat' dir='ltr'><strong>bus</strong></span> <span class='ocrx_word' id='word_1_216' title='bbox 356 3859 389 3911; x_wconf 86' lang='lat' dir='ltr'><strong>et</strong></span> <span class='ocrx_word' id='word_1_217' title='bbox 410 3847 571 3932; x_wconf 74' lang='lat' dir='ltr'><strong>praecipue</strong></span> <span class='ocrx_word' id='word_1_218' title='bbox 592 3847 626 3909; x_wconf 93' lang='lat' dir='ltr'><strong>iu</strong></span> <span class='ocrx_word' id='word_1_219' title='bbox 649 3846 697 3909; x_wconf 91' lang='lat' dir='ltr'><strong>his</strong></span> <span class='ocrx_word' id='word_1_220' title='bbox 712 3845 854 3909; x_wconf 87' lang='lat' dir='ltr'><strong>articulis</strong></span> <span class='ocrx_word' id='word_1_221' title='bbox 876 3854 987 3908; x_wconf 86' lang='lat' dir='ltr'><strong>caveat</strong></span> <span class='ocrx_word' id='word_1_222' title='bbox 1008 3844 1079 3927; x_wconf 89' lang='lat' dir='ltr'><strong>sibi,</strong></span> <span class='ocrx_word' id='word_1_223' title='bbox 1095 3868 1136 3909; x_wconf 93' lang='lat' dir='ltr'><strong>ue</strong></span> <span class='ocrx_word' id='word_1_224' title='bbox 1158 3867 1233 3910; x_wconf 87' lang='lat' dir='ltr'><strong>eum</strong></span> 
     </span>
    </p>
   </div>
   <div class='ocr_carea' id='block_1_8' title="bbox 280 3948 968 4119">
    <p class='ocr_par' dir='ltr' id='par_1_8' title="bbox 280 3948 968 4119">
     <span class='ocr_line' id='line_1_32' title="bbox 280 3948 610 4032; baseline 0.003 -22"><span class='ocrx_word' id='word_1_225' title='bbox 280 3948 366 4032; x_wconf 94' lang='lat' dir='ltr'><strong>quod</strong></span> <span class='ocrx_word' id='word_1_226' title='bbox 382 3951 471 4012; x_wconf 89' lang='lat' dir='ltr'><strong>Deus</strong></span> <span class='ocrx_word' id='word_1_227' title='bbox 487 3958 610 4015; x_wconf 85' lang='lat' dir='ltr'><strong>avertat</strong></span> 
     </span>
     <span class='ocr_line' id='line_1_33' title="bbox 456 4048 968 4119; baseline -0.004 -18"><span class='ocrx_word' id='word_1_228' title='bbox 456 4051 593 4119; x_wconf 88' lang='lat' dir='ltr'><strong>Decipiaut</strong></span> <span class='ocrx_word' id='word_1_229' title='bbox 605 4050 686 4100; x_wconf 89' lang='lat' dir='ltr'><strong>animi</strong></span> <span class='ocrx_word' id='word_1_230' title='bbox 698 4049 746 4101; x_wconf 91' lang='lat' dir='ltr'><strong>sub</strong></span> <span class='ocrx_word' id='word_1_231' title='bbox 758 4048 835 4119; x_wconf 81' lang='lat' dir='ltr'><strong>vulpe</strong></span> <span class='ocrx_word' id='word_1_232' title='bbox 846 4048 968 4100; x_wconf 88' lang='lat' dir='ltr'><strong>latentes.</strong></span> 
     </span>
    </p>
   </div>
   <div class='ocr_carea' id='block_1_9' title="bbox 278 4133 1238 4424">
    <p class='ocr_par' dir='ltr' id='par_1_9' title="bbox 278 4133 1238 4424">
     <span class='ocr_line' id='line_1_34' title="bbox 280 4133 1234 4223; baseline 0.002 -27"><span class='ocrx_word' id='word_1_233' title='bbox 280 4133 353 4196; x_wconf 90' lang='lat' dir='ltr'><strong>Jam</strong></span> <span class='ocrx_word' id='word_1_234' title='bbox 379 4138 476 4213; x_wconf 91' lang='lat' dir='ltr'><strong>euim,</strong></span> <span class='ocrx_word' id='word_1_235' title='bbox 504 4139 537 4200; x_wconf 89' lang='lat' dir='ltr'><strong>ni</strong></span> <span class='ocrx_word' id='word_1_236' title='bbox 561 4136 663 4217; x_wconf 82' lang='lat' dir='ltr'><strong>fallor,</strong></span> <span class='ocrx_word' id='word_1_237' title='bbox 687 4148 837 4223; x_wconf 82' lang='lat' dir='ltr'><strong>expertus</strong></span> <span class='ocrx_word' id='word_1_238' title='bbox 863 4157 931 4199; x_wconf 90' lang='lat' dir='ltr'><strong>esse</strong></span> <span class='ocrx_word' id='word_1_239' title='bbox 955 4146 1060 4219; x_wconf 79' lang='lat' dir='ltr'><strong>potest</strong></span> <span class='ocrx_word' id='word_1_240' title='bbox 1083 4134 1234 4219; x_wconf 90' lang='lat' dir='ltr'><strong>quoniam</strong></span> 
     </span>
     <span class='ocr_line' id='line_1_35' title="bbox 281 4233 1238 4321; baseline 0.005 -25"><span class='ocrx_word' id='word_1_241' title='bbox 281 4233 377 4297; x_wconf 90' lang='lat' dir='ltr'><strong>verba</strong></span> <span class='ocrx_word' id='word_1_242' title='bbox 386 4235 645 4321; x_wconf 71' lang='lat' dir='ltr'><strong>praecipitationis</strong></span> <span class='ocrx_word' id='word_1_243' title='bbox 654 4237 759 4321; x_wconf 86' lang='lat' dir='ltr'><strong>diligit</strong></span> <span class='ocrx_word' id='word_1_244' title='bbox 769 4236 879 4321; x_wconf 86' lang='lat' dir='ltr'><strong>lingua</strong></span> <span class='ocrx_word' id='word_1_245' title='bbox 887 4236 1005 4317; x_wconf 87' lang='lat' dir='ltr'><strong>dolosa,</strong></span> <span class='ocrx_word' id='word_1_246' title='bbox 1015 4233 1124 4314; x_wconf 86' lang='lat' dir='ltr'><strong>Nulla,</strong></span> <span class='ocrx_word' id='word_1_247' title='bbox 1134 4234 1238 4320; x_wconf 90' lang='lat' dir='ltr'><strong>inquit</strong></span> 
     </span>
     <span class='ocr_line' id='line_1_36' title="bbox 278 4335 1232 4424; baseline 0.005 -25"><span class='ocrx_word' id='word_1_248' title='bbox 278 4335 415 4422; x_wconf 89' lang='lat' dir='ltr'><strong>sapiens,</strong></span> <span class='ocrx_word' id='word_1_249' title='bbox 428 4357 568 4422; x_wconf 90' lang='lat' dir='ltr'><strong>unquam</strong></span> <span class='ocrx_word' id='word_1_250' title='bbox 582 4338 732 4403; x_wconf 88' lang='lat' dir='ltr'><strong>securitas</strong></span> <span class='ocrx_word' id='word_1_251' title='bbox 744 4351 802 4415; x_wconf 88' lang='lat' dir='ltr'><strong>est,</strong></span> <span class='ocrx_word' id='word_1_252' title='bbox 814 4338 918 4405; x_wconf 87' lang='lat' dir='ltr'><strong>ricino</strong></span> <span class='ocrx_word' id='word_1_253' title='bbox 930 4349 1076 4424; x_wconf 88' lang='lat' dir='ltr'><strong>serpente</strong></span> <span class='ocrx_word' id='word_1_254' title='bbox 1086 4336 1232 4405; x_wconf 88' lang='lat' dir='ltr'><strong>dormire.</strong></span> 
     </span>
    </p>
   </div>
   <div class='ocr_carea' id='block_1_10' title="bbox 0 0 1522 5200">
    <p class='ocr_par' dir='ltr' id='par_1_10' title="bbox 0 0 1522 5200">
     <span class='ocr_line' id='line_1_37' title="bbox 0 0 1522 5200; baseline 0 7"><span class='ocrx_word' id='word_1_255' title='bbox 0 0 1522 5200; x_wconf 95' lang='lat' dir='ltr'><strong> </strong></span> 
     </span>
    </p>
   </div>
  </div>
 </body>
</html>
