3034 5200
248 714 310 772 286
504 726 639 771 roanurs
656 725 937 770 saussasamusrs
1107 709 1155 787 [n.
1173 728 1207 771 n.

247 879 399 965 majorem
429 879 523 942 etiam
555 900 626 941 cum
657 877 854 962 irreparabili
890 876 1056 960 dispendio
1091 889 1209 941 nostro

248 980 338 1044 vobis
372 983 520 1044 honorem
560 978 709 1044 videbitis
745 1002 812 1041 esse
846 978 1035 1043 exhibitum.
1096 977 1207 1055 Scitis,

249 1094 348 1167 pater,
364 1082 441 1168 quia
457 1104 513 1144 nos
534 1104 630 1166 supra
654 1079 784 1144 modum
808 1080 965 1165 oppressit
987 1079 1057 1143 dira
1079 1093 1111 1143 et
1131 1079 1206 1144 diu-

245 1198 341 1249 turna
355 1184 527 1248 calamitas.
573 1183 696 1249 Videtis
719 1206 815 1271 quam
833 1183 938 1246 tristia
952 1182 1083 1258 fuerint,
1099 1206 1199 1268 quarn

245 1284 424 1369 periculosa
446 1284 519 1362 sint,
539 1296 571 1348 et
594 1298 715 1368 quanto
737 1283 973 1369 periculosiora,
986 1296 1034 1346 ‘ut
1057 1283 1201 1363 timetur,

246 1384 431 1449 immineant
458 1399 610 1471 tempora.
671 1385 818 1450 Occurrit
848 1385 1072 1471 irreparabilis,
1103 1409 1201 1471 quam

247 1489 339 1552 Deus
360 1500 494 1562 avertat,
520 1487 684 1562 desolatio,
705 1486 874 1549 recidivam
898 1509 1044 1550 veremur
1067 1501 1203 1572 tempes-

247 1602 357 1669 tatem,
370 1590 564 1675 grandisque
580 1589 746 1653 necessitas
763 1589 909 1652 solatium
933 1587 1091 1655 desiderat
1114 1589 1203 1654 festi-

246 1701 369 1753 natum.
708 1687 712 1694 ’

291 1791 424 1855 Pietatis
450 1795 556 1878 itaque
583 1811 695 1855 vestrae
721 1791 858 1877 pedibus
888 1791 1051 1876 provoluti
1078 1789 1200 1875 suppli-

246 1914 355 1956 camus
377 1892 538 1966 attentius,
555 1906 586 1956 et
611 1907 678 1956 tota
700 1895 864 1957 nobiscum
888 1893 1046 1979 supplicat
1068 1893 1199 1956 ecclesia

247 1994 433 2079 Anglicana,
450 1995 601 2078 quatinus
615 1996 778 2080 provisum
800 2019 818 2058 a
841 2000 911 2060 Deo
926 1995 1018 2059 nohis
1039 2008 1200 2080 pastorem

247 2095 323 2159 data
352 2094 549 2178 plenitudine
582 2095 759 2176 potestatis,
789 2107 885 2178 prout
917 2095 1065 2159 sanctitas
1094 2107 1199 2160 vestra

245 2193 358 2256 melius
375 2192 488 2255 viderit
503 2192 664 2276 expedire,
680 2195 870 2258 auctoritate
892 2197 1065 2280 apostolica
1086 2196 1198 2260 adver·

244 2316 298 2358 sus
307 2316 359 2355 eos
371 2292 427 2376 qui
437 2293 543 2356 ruinas
552 2292 753 2356 ecclesiarum
764 2309 953 2381 perpetuare
964 2297 1196 2375 machinantur,

244 2394 393 2458 roborare
414 2392 582 2479 dignetur:
615 2408 652 2459 ut
675 2396 942 2481 praedecessorum
964 2422 1106 2474 suorum,
1122 2422 1197 2486 apo-

245 2496 355 2561 stolico
384 2496 558 2560 munimine
587 2499 698 2573 fretus,
726 2500 899 2565 secundum
930 2501 1018 2586 quod
1049 2503 1077 2565 ei
1108 2505 1198 2566 Deus

241 2601 453 2688 inspiraverit,
484 2601 614 2685 vestigia
644 2602 746 2667 valeat
780 2604 905 2668 imitari.
967 2606 1194 2691 supplicamus

240 2706 370 2790 inquam
392 2726 458 2783 nos,
473 2704 602 2766 ecclesia
624 2704 794 2790 supplicat,
809 2706 989 2791 supplicant
1012 2721 1044 2771 et
1067 2709 1194 2790 patroni

242 2805 380 2870 ecclcsiae
407 2818 522 2870 nostrae
548 2805 674 2889 gloriosi
699 2820 855 2892 martyres
881 2822 913 2872 et
935 2808 1138 2884 confessores,
1162 2823 1194 2873 et

240 2930 376 2972 consona
392 2930 466 2972 voce
481 2908 623 2971 omniurn
639 2922 767 2975 sanctus
791 2910 933 2975 Thomas
949 2909 1042 2975 iterat
1058 2920 1090 2974 et
1111 2910 1193 2973 mul-

240 3009 363 3094 tiplicat
390 3030 506 3094 preces.
564 3012 673 3073 Donec
700 3011 945 3075 sacratissimum
971 3035 1025 3075 cor
1048 3024 1188 3076 vestrum

241 3111 375 3174 verbum
392 3111 519 3189 bonum,
535 3111 667 3175 verbum
683 3113 928 3176 consolatorium
950 3114 1043 3179 nobis
1057 3126 1193 3189 eructet,

243 3211 388 3297 squalida
417 3211 541 3292 lugebit
572 3236 686 3297 sponsa
717 3214 848 3290 Christi,
874 3237 931 3277 nec
962 3226 1008 3277 est
1038 3217 1095 3300 qui
1124 3237 1193 3277 eam

242 3311 395 3373 consolari
423 3311 536 3386 valeat,
559 3312 658 3376 donec
684 3314 858 3380 antistitem
885 3336 979 3378 suum
1006 3314 1136 3400 recipiat
1162 3318 1196 3379 in

243 3408 441 3496 plenitudine
457 3414 632 3493 potestatis.
677 3414 762 3486 Quia
777 3416 873 3499 pedes
888 3428 1009 3480 vestros
1024 3414 1195 3499 nequimus

243 3525 280 3577 ut
296 3509 454 3587 volumuS,
467 3510 601 3574 lacrimis
617 3514 793 3598 rigabimus
808 3540 905 3600 genas
917 3530 1049 3591 nostras,
1061 3538 1117 3577 nec
1132 3515 1194 3579 erit

244 3615 288 3678 eis
309 3613 434 3699 requies
456 3612 666 3700 quoadusque
682 3639 742 3680 eas.
757 3616 828 3681 Deo
851 3620 1018 3683 miserante
1032 3617 1194 3700 abstergat

244 3716 375 3781 dextera
390 3716 563 3781 clementiae
580 3733 701 3783 vestrae.
