3034 5200
288 698 349 760 120
542 711 678 758 scaurus
694 709 972 757 sanssnsnrsssrs
1142 693 1187 772 [a.
1205 710 1236 755 n.

289 887 384 949 quam
404 875 524 929 sanctae
547 865 797 929 conversationis
819 867 981 947 exemplo.
1028 866 1086 928 llle
1110 885 1240 948 quoque

288 967 416 1051 sapiens
438 976 470 1030 et
479 967 646 1049 religiosus
667 967 771 1043 frater,
795 965 945 1043 (nominis
968 967 1088 1030 etenim
1110 989 1177 1030 non
1192 989 1240 1030 re·

289 1066 426 1150 cordon)
446 1068 529 1132 inito
554 1068 688 1132 consilio
709 1089 783 1131 cum
813 1068 1015 1151 principibus
1037 1069 1241 1133 sacerdotum

287 1181 321 1234 et
335 1170 406 1233 aliis
429 1190 510 1254 quos
525 1169 566 1233 de
586 1167 742 1233 industria
756 1181 860 1247 taceo,
875 1169 1108 1232 studiosissime
1123 1191 1239 1254 procu·

288 1268 379 1346 ravit,
393 1289 435 1332 ne
457 1279 570 1345 vestra,
595 1267 704 1351 siqua
724 1276 832 1330 tamen
848 1276 909 1342 est,
935 1267 1038 1350 possit
1054 1267 1243 1331 innocentia

288 1390 346 1454 per
360 1369 495 1453 alicujus
510 1368 606 1432 amici
621 1366 818 1449 diligentiam
840 1367 998 1445 excusari,
1013 1379 1122 1432 contra
1137 1368 1240 1431 archi·

288 1471 477 1554 episcopum
506 1470 636 1533 nomine
662 1469 762 1532 totius
791 1481 968 1532 conventus
992 1468 1242 1550 appellationem

288 1569 431 1636 formans
470 1581 503 1636 11
540 1579 682 1635 statuens
722 1592 796 1634 eum
834 1568 1049 1632 adversarium
1082 1569 1242 1643 ecclesiae,
1305 1566 1307 1569 ’

289 1673 382 1757 quasi
407 1672 499 1737 vobis
518 1672 553 1735 in
579 1671 687 1755 aliquo
710 1672 884 1745 nocuisset,
909 1681 965 1735 aut
987 1681 1146 1734 constaret
1170 1692 1244 1733 111111

289 1772 427 1836 nocendi
457 1771 654 1856 propositum
686 1772 887 1855 concepisse.
953 1773 1041 1836 Usus
1069 1784 1118 1836 est
1145 1773 1242 1836 homo

288 1872 439 1957 prudenti
465 1871 600 1935 consilio
626 1871 683 1954 qui
698 1873 809 1934 maluit
836 1892 891 1934 ros
915 1871 1034 1935 habere
1060 1883 1182 1955 patrem
1209 1883 1241 1935 et

289 1973 453 2035 dominum
483 1972 694 2035 adversarium
728 1993 824 2055 quam
855 1972 1003 2035 amicum.
1059 1973 1156 2036 Multi
1186 1975 1241 2058 qui

289 2073 421 2138 aderant
445 2072 609 2137 hominem
628 2071 805 2135 deriserunt
820 2084 852 2135 et
865 2073 1149 2156 imprecationibus
1168 2095 1239 2158 per·

290 2175 416 2258 sequuti
433 2183 516 2253 sunt,
540 2173 594 2235 ubi
617 2173 799 2236 sentiebant
820 2184 921 2236 tutam
945 2175 1149 2259 colloquendi
1172 2197 1242 2240 esse

287 2277 479 2354 libertatem,
501 2275 626 2338 dicente
649 2275 730 2337 nihil
747 2275 903 2339 accidisse
928 2276 1053 2352 mirum,
1076 2277 1153 2362 quia
1173 2299 1240 2341 rno-

289 2378 386 2442 nschi
401 2378 648 2441 cantuarienses
668 2378 732 2441 hoc
756 2377 849 2460 quasi
870 2378 1094 2443 hereditarium
1118 2400 1240 2462 semper

288 2479 418 2556 habent,
432 2490 468 2542 111
482 2478 740 2562 archiepiscopos
756 2499 832 2543 suos
846 2479 982 2543 oderint.
1026 2482 1081 2558 Et,
1096 2490 1131 2543 ut
1145 2482 1242 2543 verbo

287 2580 406 2645 faciant
433 2578 541 2657 fidem,
571 2580 721 2642 Anselmo
755 2579 916 2664 inquiunt,
948 2580 998 2643 bis
1025 2602 1084 2663 pro
1115 2580 1242 2663 justitia

228 2704 234 2713 ·
288 2686 421 2747 exulant
430 2683 485 2766 qui
495 2682 727 2764 nihilunquam
738 2682 844 2745 solatii
854 2682 1067 2745 contulerunt.
1090 2682 1241 2746 Contem-

286 2784 648 2870 pseruntRadulphum:
673 2781 1028 2845 oderuntWillelmum:
1050 2782 1241 2846 Theobaldo

289 2887 492 2951 tetenderunt
513 2884 665 2948 insidias:
690 2895 722 2947 et
745 2903 822 2946 ecce
844 2904 931 2946 nuuc
954 2882 1112 2947 Thomam
1143 2885 1242 2965 gratis

288 2987 511 3051 insatiabiliter
526 2997 768 3071 persequuntur.

332 3088 413 3161 Quis
443 3087 618 3150 amicorum
647 3087 805 3164 ecclesiae,
834 3088 952 3152 nedum
982 3091 1141 3167 alumnus,
1170 3091 1239 3153 haec

290 3190 323 3251 iu
347 3187 497 3269 compitis
512 3188 681 3251 Ascalonis
704 3189 792 3251 etin
814 3190 916 3254 triviis
938 3189 1026 3253 Geth
1049 3190 1117 3254 sine
1133 3191 1241 3254 dolore

291 3290 331 3353 ab
361 3286 595 3350 incircumcisis
625 3286 734 3351 audiet
769 3287 952 3353 decantari?
991 3291 1073 3363 Quis
1100 3292 1243 3355 fidelium

292 3388 412 3455 Christi
426 3389 585 3472 lacrymas
599 3388 717 3471 poterit
731 3390 917 3455 continere?
955 3393 1047 3455 Deus
1062 3393 1140 3455 mihi
1155 3394 1244 3455 testis

290 3499 349 3567 est,
362 3485 449 3575 quod
464 3488 590 3551 fratrem
606 3488 707 3567 illum,
717 3489 860 3571 quisquis
875 3491 926 3569 sit,
935 3492 968 3555 io
984 3493 1242 3575 presumptionis

290 3596 385 3681 hujus
408 3593 545 3672 insania,
562 3591 703 3657 consilio
730 3604 907 3658 conventus
935 3616 1029 3659 usum
1051 3595 1150 3660 fuisse
1175 3618 1242 3659 non
1296 3605 1300 3624 ¹

290 3698 395 3761 credo.
426 3698 502 3761 Hoc
518 3708 624 3760 tamen
638 3696 711 3759 aliis
727 3695 820 3760 facile
835 3697 1020 3782 persuaderi
1034 3720 1101 3762 non
1115 3700 1242 3783 poterit,

290 3800 316 3862 si
331 3811 433 3861 ratum
448 3798 624 3863 habueritis
642 3798 730 3882 quod
745 3800 863 3864 factum
885 3813 950 3865 est:
975 3803 1050 3866 siin
1066 3822 1241 3886 praesump-

290 3913 388 3964 torem
404 3899 494 3961 illum
505 3920 569 3961 non
585 3900 870 3964 animadverteritis
883 3904 1092 3985 castigatione
1104 3903 1243 3967 crudeli:

289 4004 316 4067 si
343 3999 477 4066 consilio
503 4001 552 4062 vel
578 3999 702 4062 auxilio
734 4002 896 4065 astiteritis
923 4005 987 4067 illis
1013 4007 1068 4087 qui
1095 4016 1243 4087 quaerunt

290 4106 428 4167 animam
457 4101 556 4187 patris
586 4100 681 4164 vestri
715 4110 751 4162 ut
784 4102 929 4165 auferant
957 4126 1038 4167 eam.
1088 4107 1242 4188 Alioquin

291 4204 475 4269 videbimini
500 4202 667 4267 mandasse
692 4211 724 4264 et
748 4204 929 4266 consentire
954 4205 1144 4280 dicentibus
1167 4210 1242 4270 Noa

291 4306 445 4368 habemas
475 4327 577 4387 repom
609 4306 674 4367 uisi
706 4302 876 4383 Caesarem,
901 4305 1074 4390 Crucifiqe,
1089 4312 1246 4391 cracrfiqe
