3034 5200
265 1026 269 1033 ’
316 1085 586 1170 sonuum
626 1080 1169 1175 snunsunuruusrs

472 1308 680 1373 EPISCOPI
703 1305 1022 1371 CARNOTENSIS

610 1515 887 1588 EPISTOLAE.

295 1899 517 1965 EPISTOLA
539 1900 750 1966 CXCI.-an
765 1914 915 1960 ruouun
930 1913 1026 1960 esur.
1041 1913 1200 1959 sucurre.

643 2000 688 2080 [r.
699 2019 731 2062 s.
750 1997 858 2078 riso]

321 2150 449 2222 Tlromra
468 2147 704 2222 Contrariorum
719 2157 963 2238 archiepiscopo
977 2148 1123 2218 Jounues
1138 2156 1178 2219 de

655 2257 854 2323 Soresberio.

321 2397 572 2460 Puerosunuasr
587 2393 769 2478 paternitati
783 2402 897 2456 vestrae
912 2413 978 2454 non
993 2392 1140 2473 scribere,
1154 2397 1229 2480 quia

278 2498 390 2581 scripti
412 2495 508 2559 vestri
531 2494 715 2559 vicissitudo
744 2494 822 2557 mihi
851 2503 968 2575 negata
991 2505 1047 2558 est
1093 2497 1226 2560 Verum·

278 2613 386 2666 tamen
402 2596 700 2683 circumspectionis
714 2607 825 2660 vestrae
844 2595 1046 2679 prudentium
1060 2600 1230 2664 attendens

278 2701 380 2785 magis
406 2701 551 2783 approbo
573 2706 687 2763 vestrae
713 2696 977 2763 considerationis
1002 2700 1037 2763 in
1060 2721 1126 2762 non
1152 2700 1230 2763 scri·

278 2802 385 2867 bendo
406 2801 608 2877 industriam,
621 2821 717 2882 quam
741 2799 834 2885 quasi
856 2800 992 2864 amicam
1014 2798 1176 2885 quandam
1196 2802 1231 2864 in
1319 2780 1332 2789 ’

281 2904 452 2970 scribendo
468 2903 751 2987 dispensationem.
796 2904 896 2966 Facto
916 2903 1003 2966 enim
1019 2902 1121 2985 magis
1136 2925 1232 2989 quam

281 3007 411 3089 scripto,
433 3006 529 3067 rebus
554 3004 657 3086 magis
684 3025 781 3087 quam
806 3004 920 3081 verbis,
944 3005 1106 3069 beneficio
1129 3008 1231 3089 magis

282 3128 380 3190 quam
401 3104 614 3187 suaviloquio,
627 3103 687 3166 filii
709 3102 751 3166 ad
770 3104 926 3189 obsequia
947 3115 1080 3188 paterna
1094 3118 1169 3171 sunt
1183 3110 1229 3173 in-

206 3200 210 3207 ’
283 3205 418 3271 vitandi»
462 3204 626 3289 Siquidem
641 3205 817 3269 secundum
830 3208 920 3288 leges
934 3207 1055 3284 saeculi,
1067 3210 1231 3293 obsequiis

283 3308 425 3394 paternis
439 3306 497 3369 filii
512 3316 587 3371 sunt
608 3306 802 3385 deleniendi,
816 3330 882 3371 non
897 3309 1095 3390 obligatoriis
1111 3313 1233 3394 pactio·

284 3412 380 3476 nibus
406 3409 635 3493 adstringendi.
680 3411 768 3475 Visis
794 3421 899 3475 autem
922 3411 1033 3490 literis,
1058 3434 1138 3496 quus
1163 3416 1232 3496 regi

284 3509 420 3593 Angliae,
443 3518 475 3573 et
496 3531 576 3594 quas
595 3511 803 3592 suffraganeis
819 3510 931 3573 vestris
953 3509 1126 3590 direxistis,
1141 3516 1232 3577 exrd-

284 3612 349 3677 tavi
364 3609 480 3693 gaudio
495 3633 612 3693 magno
635 3634 692 3695 pro
709 3613 831 3675 fervore
851 3620 884 3674 et
899 3609 990 3695 justo
1009 3612 1081 3675 zelo
1097 3622 1153 3676 tuo
1174 3636 1232 3698 pro

284 3713 435 3777 Ecclesia
452 3712 528 3789 Dei,
544 3734 607 3797 quo
630 3712 852 3778 inardescitis:
875 3710 972 3784 Quod
993 3711 1105 3775 saltem
1120 3715 1154 3779 in
1168 3716 1232 3779 hoc

285 3814 465 3898 periculoso
478 3823 621 3897 tempore
641 3815 757 3898 aliquis
780 3798 949 3892 iuvenitur,
964 3812 1021 3897 qui
1035 3836 1093 3898 pro
1108 3815 1234 3900 injuriis

286 3915 456 3990 Ecclesiae,
482 3937 540 3999 pro
566 3916 717 3979 membris
743 3914 876 3994 Christi,
901 3936 973 3998 quae
1001 3916 1071 3998 ipse
1093 3917 1235 4000 glorioso

287 4016 440 4099 sauguine
462 4037 520 4079 suo
541 4015 685 4095 redemit,
704 4017 737 4079 in
761 4036 867 4079 servos
889 4016 1050 4099 nequitiae,
1069 4016 1103 4079 in
1125 4017 1236 4076 hostes

288 4118 435 4197 veritatiS,
450 4118 484 4180 in
507 4126 751 4201 persequutores
771 4116 944 4180 Christiani
962 4117 1100 4179 nominis
1119 4114 1239 4176 serrum

291 4240 363 4283 cum
388 4221 482 4284 beato
505 4220 599 4283 Petro
620 4239 679 4303 pro
700 4218 831 4282 nomine
854 4219 975 4283 Christi
997 4217 1148 4295 stringere
1170 4228 1241 4279 uon

222 4399 230 4416 υ
291 4320 423 4383 dubitat.
466 4320 581 4386 Laudo
603 4322 710 4386 zelum
727 4330 763 4384 et
782 4321 991 4404 propositum,
1005 4313 1102 4379 laudo
1123 4312 1244 4374 severi-

334 4437 404 4483 vor.
420 4439 455 4486 11.
750 4437 772 4480 n
