3034 5200
278 745 321 803 20
551 753 688 798 scansis
701 749 977 797 saussuamnusrs
1136 733 1183 806 [s.
1202 749 1234 794 n.

284 907 413 992 poterit,
427 907 455 970 si
469 905 652 991 injuriando
666 905 827 968 Ecclesiae
848 911 882 968 et
894 903 1092 986 pauperibus
1113 901 1234 966 Christi

283 1009 392 1072 Deum
407 1008 470 1072 sibi
490 1005 664 1072 reddiderit
682 1007 859 1084 inimicum,
873 1005 930 1070 sed
949 1005 1022 1068 Deo
1037 1003 1231 1088 propitiante

283 1131 350 1175 non
368 1110 474 1188 faciet,
496 1109 585 1194 quod
603 1108 802 1192 principatus
822 1108 873 1171 sui
887 1107 1018 1189 gloriam
1039 1105 1157 1169 debeat
1173 1104 1233 1166 ob·

283 1212 418 1289 fuscare,
433 1233 494 1276 nec
509 1223 622 1275 contra
639 1211 747 1273 Deum
765 1220 935 1294 praesumet
949 1208 991 1271 de
1011 1208 1161 1272 facilitate
1177 1217 1232 1270 aut

283 1315 390 1398 potius
405 1314 531 1378 fallacia
550 1334 767 1390 successuum,
782 1313 838 1396 qui
851 1312 997 1375 meminit
1015 1331 1113 1394 quam
1133 1309 1233 1372 fallax

283 1428 333 1480 cst
351 1437 451 1500 eques
472 1417 514 1481 ad
536 1417 681 1480 salutem.
726 1415 844 1479 Asahel
867 1415 1034 1479 velocitate
1055 1432 1176 1488 cervos,
1196 1419 1234 1472 ut

284 1517 381 1580 refert
406 1517 549 1596 historia,
571 1517 725 1596 anteibat,
743 1525 778 1581 et
798 1515 989 1598 pernicitate
1011 1510 1161 1578 currendi
1179 1531 1230 1575 ca·

283 1618 369 1700 preis
390 1621 602 1701 praevalebat:
636 1617 693 1681 sed
713 1620 790 1702 quia
814 1619 948 1699 agilitati
968 1617 1066 1680 nimis
1086 1612 1232 1688 indulsit,

283 1719 407 1782 hostem
421 1740 616 1801 persequens
631 1718 815 1799 fugientem,
829 1739 902 1781 eum
925 1718 1033 1799 coegit
1050 1729 1087 1780 ut
1100 1715 1234 1779 instanti

282 1817 410 1881 fatalem
424 1818 552 1880 inferret
568 1819 706 1900 plagam,
720 1817 776 1898 qui
791 1817 890 1879 fatum
912 1817 1112 1898 disposuerat
1134 1816 1233 1881 decli·

283 1940 359 1983 nare
383 1939 439 2002 per
461 1919 578 2000 fugam.
628 1917 725 1998 Fugit
749 1915 910 1980 interdum
936 1917 1084 1982 Christus
1109 1940 1129 1980 a
1151 1918 1233 1982 facie

243 2095 246 2102 ¹
284 2020 515 2104 persequentis,
526 2018 582 2083 sed
597 2041 644 2082 rae
658 2019 873 2102 impoenitenti
888 2019 922 2082 in
933 2039 1026 2104 quem
1042 2031 1234 2102 provocatus

282 2136 372 2190 torvo
380 2122 512 2204 respicit
521 2123 625 2184 oculo.
651 2120 761 2184 Saluta
771 2120 878 2185 socios
887 2121 1023 2186 curiales
1032 2121 1233 2205 quiexcom-

283 2223 438 2288 municati
451 2243 518 2285 non
533 2231 617 2284 sunt.

281 2510 503 2576 EPISTOLA
518 2508 738 2689 CXCVI-An
748 2527 830 2573 uae.
842 2527 1034 2577 waarnauu
1045 2531 1090 2577 na
1102 2530 1231 2578 rusum.

662 2629 694 2674 A.
711 2630 742 2674 n.
761 2612 870 2691 llud]

553 2770 600 2834 Μ.
618 2770 773 2834 Guoltero
786 2770 826 2832 de
839 2767 967 2832 Insula.

324 2926 562 2987 Dioruunlras
571 2918 690 2985 silentii
701 2920 763 2985 mci
773 2918 845 3003 jure
856 2919 1015 2984 videretur
1024 2940 1095 2983 esse
1108 2920 1231 2987 desidis

281 3024 376 3091 amici
389 3031 445 3085 aut
459 3023 662 3103 negligentia
677 3033 907 3105 argumentum,
922 3022 983 3085 nisi
999 3024 1104 3088 causis
1117 3026 1233 3109 proba-

280 3127 408 3202 bilibus,
424 3144 509 3207 quas,
522 3123 614 3187 Deus
634 3135 778 3205 evacuet,
793 3127 976 3212 hujusmodi
996 3128 1137 3213 suspicio
1157 3149 1232 3211 pur·

280 3235 415 3311 geretur.
452 3226 519 3287 Eas
534 3223 575 3286 ad
596 3245 738 3306 praesens
755 3228 893 3309 allegare
911 3251 977 3293 non
999 3231 1142 3314 expedit,
1157 3230 1232 3313 quia

280 3329 363 3393 sicut
378 3325 456 3388 mihi
477 3346 596 3407 graves,
610 3324 656 3389 ita
676 3336 707 3389 et
722 3324 781 3389 tibi
801 3331 982 3412 conspicua
998 3343 1082 3410 sunt,
1097 3344 1128 3395 et
1146 3342 1232 3397 notae

279 3427 411 3494 mundo.
442 3427 572 3491 Utinam
590 3429 729 3491 solvatur
744 3430 842 3493 chaos
858 3432 946 3515 quod
960 3432 1113 3495 internos
1127 3432 1232 3496 firma·

279 3541 346 3595 tum
366 3541 424 3607 est,
447 3539 479 3594 et
498 3551 564 3613 pax
585 3531 667 3595 inter
688 3553 823 3614 regnum
845 3544 878 3597 et
900 3533 1111 3597 sacerdotium
1133 3534 1230 3597 refor-

281 3643 401 3697 metur:
431 3642 467 3699 ut
482 3633 509 3696 si
524 3633 735 3698 intermeandi
750 3635 885 3700 facultas
903 3635 1049 3718 patuerit,
1063 3634 1143 3718 ejus,
1160 3656 1232 3717 quae

278 3736 314 3799 in
338 3736 476 3799 Domino
498 3747 555 3815 est,
578 3737 672 3801 nobis
693 3738 856 3821 possimus
877 3735 1056 3799 adinvicem
1078 3735 1232 3800 exhibere

280 3838 386 3902 officia
408 3839 556 3904 caritatis.
593 3841 668 3901 Non
689 3839 775 3902 enim
797 3837 920 3901 excidit
933 3858 954 3899 a
976 3838 1129 3900 memoria
1150 3859 1231 3918 mea,

280 3963 376 4027 quam
412 3941 482 4018 tibi,
512 3939 714 4021 exigentibus
749 3939 881 4016 meritis,
909 3938 1069 4002 obnoxius
1105 3940 1166 4004 sim
1196 3951 1233 4004 ut

280 4044 431 4126 magistro
454 4052 486 4102 et
507 4039 649 4103 domino.
692 4040 737 4101 Et
759 4046 806 4113 tu,
822 4039 899 4101 licet
919 4038 1026 4103 adhuc
1048 4062 1122 4104 mea
1142 4042 1178 4104 iu
1201 4053 1231 4106 te

278 4167 344 4210 non
359 4142 499 4218 existant
512 4139 634 4213 merita,
645 4161 697 4203 me
712 4149 746 4202 ut
758 4138 975 4204 Christianum
990 4140 1088 4206 debes
1100 4141 1231 4226 diligere

278 4259 310 4308 ct
324 4245 473 4309 amicum.
517 4241 651 4306 Temere
666 4250 772 4304 tamen
792 4262 858 4304 non
874 4240 1010 4305 dixerim
1030 4244 1060 4307 ei
1075 4246 1229 4309 rationem

278 4343 389 4407 deesse
402 4344 596 4411 meritorum:
620 4343 673 4408 cui
688 4343 728 4407 ad
741 4342 912 4407 amandum
924 4342 1049 4410 intensa
1059 4348 1238 4412 famulatur·
1262 4329 1265 4336 ¹
