3034 5200
299 739 359 798 100
556 749 692 794 roanuls
708 743 987 792 sannsnaaratrsts
1156 727 1200 806 [a.
1219 745 1249 787 n.

309 987 529 1050 EPISTOLA
554 987 856 1051 CCXXXIV.-Au
871 985 1103 1046 naunnwmunl
1118 999 1240 1043 sacur-

366 1107 539 1151 nmcouuu
555 1106 698 1151 uoawrc.
715 1105 810 1157 Quart
827 1102 1014 1149 ooowurun
1029 1100 1178 1145 vooavm.

668 1190 751 1269 [au.
771 1189 879 1268 llos]

298 1323 407 1387 Amico
428 1327 591 1387 carissi-mo
619 1325 773 1388 Godwiao
789 1323 865 1406 filio
886 1321 1044 1382 Eodwt'ni
1064 1318 1248 1393 sacerdotis,

341 1429 432 1489 miles
445 1447 524 1490 suus
541 1427 699 1490 Godrictts
710 1426 845 1488 salutem
860 1430 891 1486 et
895 1423 1031 1504 fidelem
1041 1440 1247 1503 perseveran-

341 1529 421 1590 tiam
437 1528 481 1591 ad
495 1547 653 1589 coronam.

333 1654 469 1740 Jionon
491 1654 612 1735 cinguli
635 1653 790 1727 militaris,
809 1673 872 1734 quo
895 1671 945 1713 me
968 1649 1010 1712 ad
1031 1650 1248 1732 apostolorum

296 1750 407 1816 limina
421 1763 642 1836 properantem
657 1765 690 1815 tu
705 1753 781 1814 inde
796 1752 923 1814 rediens
938 1750 1097 1814 decorasti
1112 1751 1146 1812 in
1168 1752 1246 1812 urbe

298 1852 465 1926 Senorum,
480 1871 577 1932 quam
600 1852 748 1913 Brennus
771 1852 838 1914 dux
855 1852 1018 1914 Senonum
1035 1850 1075 1912 ad
1089 1850 1245 1913 locandos

295 1952 341 2015 ibi
352 1951 600 2014 valetudinarios
611 1971 686 2013 suos
696 1953 812 2032 legitur
827 1953 1053 2028 construxisse,
1065 1972 1115 2014 mc
1126 1953 1244 2032 saepius

297 2072 391 2134 quam
417 2052 532 2114 collato
557 2062 627 2113 utar
650 2051 770 2131 gladio,
791 2052 839 2114 tui
861 2052 895 2114 in
921 2053 1051 2115 caritate
1072 2061 1104 2114 et
1127 2050 1243 2131 gaudio

296 2172 470 2215 memorem
486 2172 556 2213 esse
572 2153 744 2235 compellit,
760 2163 793 2215 et

402 2260 512 2312 Utinam
524 2258 572 2310 hoc
583 2265 673 2329 pereat
683 2260 804 2327 rubigine
816 2261 908 2325 telum,

296 2360 353 2423 sed
368 2369 410 2436 et,

399 2466 451 2530 Qui
462 2483 508 2517 nos
517 2467 658 2531 commorit,
670 2466 763 2520 melius
774 2485 826 2520 non
837 2473 945 2534 tangere
955 2435 1046 2532 clamo,

398 2551 496 2618 Flebit,
509 2558 535 2606 et
547 2554 658 2621 insignis
669 2558 724 2608 toto
736 2553 881 2607 cantabitur
892 2553 964 2619 orbe,

293 2646 350 2711 illo
368 2660 480 2731 agente
506 2650 558 2733 qui
577 2650 646 2734 jam
670 2651 815 2714 extendit
837 2671 965 2714 manum
988 2672 1076 2713 suam
1098 2651 1133 2712 in
1155 2653 1243 2713 retri-

293 2752 436 2824 buendo,
467 2763 499 2815 et
528 2752 780 2816 Christianorum
812 2752 937 2815 hostem
967 2750 1171 2814 Fredericum
1200 2754 1242 2814 ad

293 2855 424 2933 gloriam
438 2852 1130 2934 suamfecitmisericorditerEx-Augustum.
1155 2854 1241 2917 Con·

292 2965 339 3017 tra
355 2977 428 3017 eum
444 2965 474 3017 et
500 2958 690 3019 collatrones
713 2977 788 3019 suos
805 2954 875 3040 jam
898 2955 1008 3039 quinto
1032 2977 1116 3019 anno
1138 2954 1241 3020 milito

292 3056 488 3137 peregrinus,
503 3057 634 3137 ignarus
652 3078 693 3119 an
708 3057 740 3119 in
765 3056 866 3139 patria
885 3068 992 3120 nostra
1013 3057 1092 3120 mihi
1114 3060 1242 3121 relictus

291 3155 333 3217 sit
348 3156 461 3239 aliquis
477 3158 659 3232 amicorum,
674 3179 715 3221 an
734 3179 846 3221 omnes
868 3160 932 3222 sint
954 3160 988 3221 in
1011 3160 1076 3224 sata
1098 3162 1240 3244 collapsi.

290 3258 404 3321 Timeo
432 3260 516 3321 enim
542 3281 583 3321 ne
607 3281 764 3343 nusquam
791 3260 864 3337 siut,
888 3262 944 3343 qui
970 3282 1130 3344 nusquam
1156 3264 1242 3325 inve·

289 3359 431 3434 niuntur‚
448 3362 575 3443 quibus,
592 3382 689 3444 quum
706 3362 885 3443 pulsantur,
902 3383 967 3423 non
985 3374 1035 3424 est
1050 3383 1115 3423 vox
1137 3384 1241 3443 neque

291 3481 411 3525 sensus.
456 3463 491 3525 Si
515 3472 694 3544 superesset
714 3463 764 3523 vel
786 3481 880 3539 unus,
896 3462 1062 3545 probabile
1085 3476 1132 3525 est
1153 3462 1240 3545 quod

291 3563 402 3625 saltem
420 3564 460 3626 ab
477 3563 739 3626 intermeantibus
756 3572 923 3645 quaereret,

570 3660 678 3714 Vivitne
692 3661 820 3713 Godricus
832 3665 859 3713 et
871 3678 934 3713 aura

396 3744 488 3796 Utitur
501 3745 625 3809 aetherea,
638 3762 671 3796 an
683 3744 830 3798 crudelibus
842 3745 949 3798 occubat
960 3745 1077 3798 umbris?

290 3829 389 3894 Unde
412 3828 617 3895 dilectionem
643 3844 737 3906 tuam,
756 3834 849 3920 cujus
865 3834 945 3897 fides
959 3836 1044 3898 velut
1066 3835 1098 3897 in
1122 3835 1239 3897 confla·

288 3928 367 3997 torio
392 3932 522 4014 probata
544 3953 639 4015 super
661 3955 771 3997 aurum
794 3936 913 4012 rutilat,
929 3948 960 3997 et
982 3935 1068 3996 omni
1091 3936 1237 4018 Topazio

287 4034 460 4117 preciosior
486 4045 543 4109 est,
570 4034 691 4097 credidi
722 4036 873 4098 attentius
900 4036 1106 4115 exorandam,
1132 4048 1166 4100 ut
1196 4037 1237 4100 de

287 4146 369 4198 statu
386 4156 506 4210 eorum,
522 4133 549 4195 si
565 4132 619 4216 qui
640 4145 745 4196 tamen
768 4145 852 4210 sunt,
868 4135 1053 4217 diligentius
1073 4138 1235 4222 inquiras:

289 4247 327 4330 ct¹
336 4238 363 4298 si
379 4238 433 4319 qui
450 4257 556 4299 eorum
581 4234 685 4296 adhuc
704 4234 823 4309 vivunt,
840 4238 917 4315 aegri
939 4249 1055 4317 tamen,
1071 4240 1117 4303 eis
1140 4241 1238 4304 medi·

245 4408 248 4412 .
278 4327 393 4433 cinam
410 4359 545 4418 procura
561 4358 655 4419 quam
672 4338 791 4400 morbis
807 4361 916 4403 eorum
935 4343 1061 4406 noveris
1077 4345 1238 4428 expedire.
