3034 5200
283 713 389 791 1169]
533 754 537 759 -
654 730 832 774 srrsrosn.
1170 715 1232 774 aot

278 882 400 945 censuit
423 878 622 944 imitandum.
668 878 793 955 Quibus
812 877 943 954 auditis,
959 877 1172 942 discesserunt
1188 902 1236 944 re·

278 981 381 1066 ligiosi
397 981 568 1046 tundentes
588 992 717 1063 pectora
733 1001 801 1055 sua,
818 980 905 1065 quod
922 979 956 1042 in
970 977 1134 1042 audientia
1156 979 1238 1064 pub-

278 1081 339 1144 lica
353 1080 485 1145 ulterius
500 1081 674 1164 quicquam
690 1091 875 1162 exegerant.
915 1080 986 1142 Rex
1003 1101 1134 1163 quoque
1150 1101 1239 1143 sanc-

280 1181 431 1257 tissimus,
446 1181 636 1265 poenitentia
650 1179 781 1259 ductus,
790 1183 913 1245 veniam
929 1179 1123 1264 imploravit,
1139 1178 1241 1266 quod,

281 1281 500 1365 religiosorum
529 1293 687 1365 sequutus
717 1280 908 1365 opinionem,
933 1280 1086 1343 honorem
1114 1283 1177 1345 Dei
1207 1292 1240 1344 et

282 1382 426 1446 ordinem
443 1381 564 1445 salvum
582 1384 647 1444 fore
664 1380 865 1446 consuluerat
880 1381 1016 1445 reticeri.

328 1483 374 1545 Et
391 1485 468 1565 quia
483 1480 632 1544 dominus
648 1481 885 1546 cantuariensis
899 1502 958 1566 per
971 1479 1114 1544 inimicos
1130 1481 1241 1544 terreri

286 1605 347 1645 uon
377 1581 495 1668 potuit,
526 1594 598 1666 post
628 1602 698 1644 eum
732 1604 834 1665 usque
872 1582 1020 1666 Stampas
1050 1581 1164 1644 missus
1193 1593 1241 1645 est

285 1684 453 1770 episcopus
475 1681 693 1760 Pictaviensis‚
715 1681 886 1746 sollicitans
908 1695 944 1747 ut
966 1705 1026 1768 pro
1045 1682 1129 1746 bono
1144 1681 1241 1767 pacis,

287 1807 383 1869 qnam
407 1807 447 1846 ex
470 1782 589 1847 auditis
611 1782 870 1868 promissionibus
892 1782 1113 1847 indubitanter
1136 1804 1241 1867 spera-

286 1890 353 1965 bat,
369 1909 434 1949 rem
451 1897 550 1950 totam
567 1885 723 1948 conferret
739 1883 770 1947 in
787 1884 954 1949 arbitrium
977 1884 1070 1969 regis.
1115 1886 1163 1948 At
1177 1883 1243 1960 ille,

288 1990 344 2074 qui
368 1987 553 2074 hujusmodi
576 1985 802 2050 blandimentis
825 2008 909 2072 saepe
931 1985 1061 2050 delusus
1083 1997 1162 2063 erat,
1184 1984 1243 2048 sci-

288 2113 407 2175 ensque
429 2089 548 2152 incauti
573 2088 709 2173 pastoris
731 2110 799 2151 esse
821 2109 912 2151 ovem
936 2087 1013 2172 lupo
1035 2087 1244 2163 committere,

288 2191 442 2275 promisit,
458 2189 546 2254 salvo
564 2190 682 2252 honore
707 2190 768 2253 Dei
791 2202 823 2253 et
843 2189 955 2252 ordine
976 2201 1009 2253 et
1028 2188 1193 2253 honestate
1211 2199 1244 2251 et

289 2292 433 2356 libertate
462 2290 614 2366 ecclesiae,
645 2313 677 2353 se
707 2313 767 2374 pro
796 2313 902 2354 amore
931 2291 1016 2375 regis
1045 2291 1150 2354 omnia
1177 2313 1245 2355 esse

289 2394 462 2467 facturum,
494 2391 550 2455 sed
586 2390 666 2454 nihil
701 2391 931 2475 promissurum
961 2394 994 2455 iu
1024 2391 1246 2478 proejudicium

292 2491 408 2556 divinae
439 2491 527 2576 legis.
573 2493 734 2555 Reversus
764 2492 804 2555 ad
836 2516 940 2576 regern
967 2494 1184 2571 Pictaviensis,
1208 2505 1246 2558 ut

293 2593 395 2680 ipsius
418 2593 558 2656 animum
580 2592 738 2667 deliniret,
762 2592 888 2658 mitiora
908 2595 1085 2683 proposuit,
1107 2618 1247 2660 asserens

293 2695 381 2780 quod
401 2694 659 2780 archiepiscopus
683 2696 923 2761 Cautuariensis
937 2698 966 2761 ei
989 2721 1022 2763 se
1043 2720 1109 2783 prae
1124 2696 1247 2760 cunctis

292 2797 480 2862 mortalibus
495 2808 527 2861 et
542 2819 666 2862 causam
681 2820 769 2862 suam
784 2799 855 2885 ejus
869 2800 1090 2863 committebat
1102 2799 1246 2875 arbitrio,

293 2924 407 2985 rogans
428 2912 465 2963 ut
487 2900 554 2986 ipse
579 2913 729 2986 tanquam
750 2903 899 2985 princeps
919 2900 1123 2966 Christianus
1142 2900 1248 2987 provi-

295 3002 383 3065 deret
406 3002 565 3065 honestati
587 3001 725 3065 ecclesiae
748 3014 780 3065 et
802 3024 956 3086 personae.
1002 3002 1098 3076 Quod
1114 3002 1247 3067 verbum

294 3101 346 3164 ille
368 3112 532 3184 gratanter
551 3100 746 3188 amplexans,
768 3103 914 3186 promisit
939 3126 972 3166 se
991 3116 1166 3189 utrumque
1181 3104 1246 3167 fac-

296 3214 417 3281 turum,
432 3202 600 3286 praefigens
622 3201 861 3288 archiepiscopo
882 3203 966 3268 diem
985 3204 1137 3290 colloquii
1153 3206 1248 3292 quin·

296 3302 561 3366 tumdecimuma
582 3302 634 3366 die
657 3304 787 3368 secundi
810 3304 971 3391 colloquii.
1015 3309 1088 3371 Rex
1111 3306 1249 3388 interim,

296 3405 373 3488 quia
389 3413 519 3465 noverat
540 3424 597 3486 per
611 3402 741 3467 fratrem
766 3404 964 3468 Bernardum
987 3403 1066 3489 quid
1081 3404 1113 3468 in
1128 3405 1249 3469 domini

296 3524 388 3587 papae
403 3503 649 3567 comminatoriis
665 3503 847 3582 haberetur,
862 3519 895 3569 et
910 3504 1146 3589 archiepiscopo
1161 3506 1252 3571 resti-

297 3615 400 3668 tutam
415 3617 446 3667 et
462 3604 607 3670 collatam
629 3618 819 3692 potestatem
841 3602 1113 3669 animadvertendi
1127 3604 1160 3666 iu
1175 3627 1249 3668 eum

298 3719 329 3768 et
345 3718 460 3769 terram
477 3728 579 3779 suam,
595 3707 749 3792 regnique
765 3728 926 3792 personas,
941 3703 1072 3766 nuncios
1087 3703 1128 3766 ad
1144 3705 1250 3770 sedem

298 3804 500 3889 apostolicam
524 3804 605 3867 clam
628 3804 752 3869 mittere
775 3806 975 3891 disponebat,
990 3813 1023 3865 et
1044 3804 1249 3888 saepedictum

299 3906 557 3969 Cantnariensem
576 3905 636 3969 sub
652 3926 708 3990 spe
727 3904 989 3970 reconciliationis
1004 3903 1143 3968 eludere.
1180 3904 1252 3967 Pic-

299 4007 446 4069 taviensis
465 4020 571 4071 autern
588 4019 618 4070 et
635 4006 703 4091 ipse
724 4008 961 4071 circumventus
975 4006 1141 4070 dominum
1165 4008 1250 4069 Can·

299 4105 487 4168 tuariensem
516 4108 657 4171 Turonis
686 4104 727 4170 ad
758 4110 842 4192 regis
871 4107 1065 4192 colloquium
1089 4106 1249 4182 invitavit,

302 4204 440 4265 scribens
453 4206 482 4267 ei
498 4208 594 4269 verba
608 4206 726 4290 quibus
742 4207 802 4271 sibi
817 4207 952 4291 rigorem
969 4203 1105 4267 hominis
1119 4203 1251 4287 fregisse

303 4302 481 4368 videbatur.
527 4305 655 4388 Agebat
678 4318 784 4372 autem
808 4329 864 4370 rex
887 4319 923 4370 ut
946 4303 1094 4369 simulata
1110 4324 1252 4368 mausue-
