3034 5200
295 716 403 796 noa]
676 731 860 779 inassuetas.¹
1201 720 1239 781 ⁷1

287 885 443 968 Spiritum
463 886 629 965 Sanctum,
651 885 726 948 Deo
744 884 921 968 inspirante
943 895 976 947 et
998 892 1102 949 vestra
1117 884 1243 968 justitia

287 997 481 1070 cooperante
502 984 742 1069 respondebunt
763 983 875 1048 merita
894 1005 969 1048 sua:
1001 993 1035 1047 et
1059 984 1133 1062 hoc,
1159 986 1244 1051 sicut

288 1087 578 1151 christianissimus
589 1109 648 1150 rex
662 1097 696 1151 ct
709 1107 843 1168 regnum
858 1086 928 1169 ejus
942 1084 983 1149 de
993 1085 1085 1158 vobis
1096 1086 1243 1167 confidit,

287 1189 320 1250 iu
336 1188 434 1252 brevi.
479 1189 616 1252 Exultat
635 1187 720 1250 enim
738 1188 783 1250 in'
794 1186 846 1250 his
866 1207 937 1269 quae
958 1184 1046 1250 dicta
1065 1198 1141 1251 suut
1155 1189 1196 1266 ei,
1211 1198 1244 1252 et

286 1311 360 1372 quae
389 1291 424 1352 in
454 1289 593 1354 adventu
622 1289 831 1353 cardinalium
861 1288 988 1372 plenius
1017 1288 1241 1354 innotuerunt:

287 1413 403 1454 vanam
427 1391 551 1454 scilicet
573 1412 642 1454 esse
668 1390 888 1471 gloriationem
911 1410 1021 1452 eorum
1043 1390 1100 1473 qui
1122 1390 1241 1454 Cantu-

285 1491 406 1554 ariensi
427 1490 678 1574 archiepiscopo,
691 1490 790 1553 immo
807 1490 953 1553 ecclesiae
969 1491 1158 1571 Anglicanaa
1178 1491 1243 1554 rui·

289 1613 365 1655 nam
380 1593 591 1655 minabantur.
613 1593 698 1656 Nam
709 1589 736 1655 si
748 1593 791 1656 ob
807 1591 891 1655 hanc
907 1611 1037 1656 causam
1053 1590 1244 1676 dejiceretur

289 1692 564 1776 archiepiscopus,
583 1692 653 1776 quis
675 1691 806 1756 auderet
828 1692 942 1755 mutire
964 1691 1005 1754 de
1031 1691 1169 1756 caetero?
1207 1693 1244 1758 Si

269 1786 351 1856 'rex
377 1793 564 1858 auctoritate
591 1804 693 1857 vestra
717 1793 994 1858 confirmationem
1018 1795 1069 1857 vel
1096 1793 1245 1859 dissimu-

290 1897 444 1960 lationem
465 1892 743 1975 consuetudinum,
764 1917 845 1980 quas
866 1894 957 1979 petit,
980 1896 1150 1973 obtineret,
1166 1897 1245 1980 quid

293 2010 449 2063 vereretur
471 1997 587 2063 amodo
616 1998 769 2082 princeps
794 1997 912 2082 aliquis
940 2009 1052 2063 contra
1074 1999 1243 2062 ecclesiam

290 2099 472 2182 postulare?
497 2102 608 2165 Unum
623 2100 692 2164 scio
704 2098 790 2184 quod
805 2101 892 2164 salva
906 2099 1111 2182 professione,
1121 2110 1154 2163 et
1164 2101 1245 2164 citra

290 2200 406 2265 divinae
427 2202 509 2284 legis
531 2201 678 2286 injuriam
700 2222 754 2264 eas
775 2220 840 2263 non
863 2199 960 2264 modo
982 2201 1165 2285 episcopus,
1186 2202 1245 2266 sed

290 2323 351 2367 nec
367 2303 569 2367 Christianus
582 2303 701 2387 poterit
715 2322 912 2366 conservare.
956 2303 1027 2366 Nee
1047 2303 1124 2366 satis
1139 2304 1244 2368 mirari

290 2423 431 2485 possum,
447 2423 511 2485 qua
524 2411 631 2466 mente
653 2402 804 2466 sacerdos
819 2422 916 2466 ausus
930 2413 980 2467 est
992 2402 1125 2467 inuuere
1141 2425 1244 2468 sacer·

291 2503 362 2566 doti
384 2513 421 2566 ut
443 2503 623 2566 Siculorum
647 2504 698 2567 vel
724 2505 950 2586 Hungarorum
972 2506 1122 2590 exemplo
1146 2506 1245 2571 tantis

292 2605 500 2690 pravitatibus
525 2606 727 2669 tolerantiam
747 2605 922 2670 adhiberet.
966 2608 1059 2670 Absit
1080 2609 1144 2671 hoo
1166 2629 1243 2672 cou-

292 2706 398 2771 silium
413 2728 433 2769 a
447 2706 614 2770 sanctitate
634 2706 839 2789 pontificatus
855 2706 960 2782 vestri,
975 2719 1008 2771 et
1029 2719 1064 2771 ut
1082 2716 1243 2773 tantarum

290 2809 496 2895 praesumptio
515 2808 705 2891 pravitatum
725 2829 894 2872 remanens
912 2808 1071 2892 impunita
1089 2829 1109 2872 a
1130 2808 1244 2875 diebus

291 2914 403 2977 vestris
416 2914 449 2976 in
466 2912 545 2976 alias
560 2920 670 2975 aetates
685 2910 727 2975 ad
742 2912 1008 2995 consequentiam
1023 2910 1231 2995 protrahatur.

322 3014 401 3076 Non
411 3022 518 3076 tamen
525 3012 661 3093 legatos,
671 3032 753 3094 quos
764 3011 905 3088 misistis,
916 3010 959 3075 ad
972 3011 1242 3095 compescendam

290 3114 521 3177 immanitatem
534 3112 618 3193 regis
633 3113 774 3196 populus
788 3112 888 3178 credit
901 3112 1046 3191 idoncos,
1065 3114 1142 3197 quia
1155 3113 1242 3179 idem

293 3236 353 3278 rex
376 3233 501 3296 semper
528 3212 658 3275 alterius
687 3214 864 3297 patrocinio
891 3236 968 3279 usus
998 3226 1057 3292 est,
1080 3225 1112 3279 et
1137 3215 1177 3279 de
1201 3237 1241 3280 eo

294 3314 459 3398 praesumit
471 3313 660 3397 plurimum:
684 3316 773 3393 alter,
788 3316 849 3379 etsi
863 3318 983 3380 bonam
998 3316 1115 3380 habeat
1129 3317 1241 3380 voluu-

291 3428 401 3495 tatem,
415 3437 484 3480 eam
507 3436 550 3477 ex
570 3415 676 3479 causis
690 3416 785 3480 variis
802 3438 868 3480 non
886 3426 991 3501 potest
1011 3416 1188 3501 producere
1205 3419 1241 3481 in

291 3521 451 3592 effectum,
475 3517 532 3581 sed
562 3538 623 3581 nec
653 3517 802 3601 aliquem,
827 3528 862 3582 ut
886 3539 930 3581 ex
956 3517 1054 3581 animi
1083 3520 1242 3585 sententia

289 3623 414 3705 loquar,
422 3618 464 3683 ad
474 3619 536 3683 hoo
545 3618 642 3684 credo
653 3617 815 3683 idoneum.
833 3618 914 3691 Quis
924 3618 1063 3682 fructum
1071 3618 1242 3700 legationis

292 3732 443 3807 expectet
457 3721 489 3784 in
505 3731 587 3784 terra
602 3742 669 3800 suc,
687 3722 743 3785 ubi
760 3742 821 3784 nec
840 3720 993 3804 litigatori
1007 3721 1059 3784 vel
1071 3719 1179 3804 judici
1198 3720 1242 3786 ad

290 3822 466 3888 dicendum
482 3821 604 3905 aliquid
624 3833 734 3885 contm
754 3844 828 3885 eum
849 3822 883 3885 in
905 3831 1062 3905 potestate
1078 3843 1135 3886 sua
1148 3824 1241 3886 locus

287 3936 339 3991 eat
346 3922 564 4009 opportunus?
582 3923 1054 4008 Noncrodituraprudentibus
1062 3923 1240 3988 alterutrius

288 4026 389 4107 regni,
409 4022 497 4109 quod
517 4022 572 4086 ille
595 4044 690 4107 quem
712 4045 771 4087 rex
785 4045 805 4086 a
819 4021 986 4088 sanctitate
1002 4034 1106 4087 vestra
1128 4019 1242 4104 petivit

203 4196 206 4201 ,
287 4147 332 4190 ex
357 4125 499 4201 nomine,
524 4122 620 4187 modo
644 4124 687 4188 sit
712 4134 767 4188 aut
788 4123 854 4188 fide
880 4125 999 4209 purior,
1023 4134 1079 4187 aut
1109 4118 1240 4185 cariam

291 4228 470 4306 ferventior,
485 4236 540 4289 aut
562 4226 675 4289 virtute
698 4227 905 4306 constantior,
926 4247 1024 4310 quam
1046 4223 1105 4285 fuit
1127 4217 1240 4298 Papiae

291 4328 374 4427 inter
396 4338 549 4411 cognatos
573 4339 605 4390 et
622 4327 744 4391 amieos
763 4336 796 4391 et
814 4340 920 4405 notos,
938 4325 993 4389 ubi
1015 4323 1112 4400 siluit,
1127 4315 1243 4382 videns
