3034 5200
284 713 393 795 llos]
665 732 845 778 aeisvome.
1066 753 1074 762 -
1178 723 1240 781 189

252 896 254 900 “
281 884 398 970 primas
412 883 537 948 tradere
553 883 727 947 consuevit.
769 879 854 945 Nam
871 881 953 946 sicut
967 881 1021 946 alii
1037 883 1188 967 praesules
1203 885 1236 948 in

282 997 405 1071 partem
427 983 647 1050 sollicitudinis
662 1006 681 1048 a
696 1004 822 1047 summo
842 983 993 1067 pontifice
1014 995 1187 1047 evocantur
1202 998 1238 1049 ut

281 1088 477 1173 spiritualem
493 1097 663 1151 exerceant
682 1085 837 1170 gladium,
854 1084 899 1148 sic
914 1108 933 1150 a
948 1085 1091 1171 principe
1106 1085 1139 1149 in
1155 1087 1239 1152 ensis

282 1191 454 1255 materialis
469 1189 728 1255 communionem
744 1176 878 1252 comites
894 1189 984 1274 quasi
999 1189 1130 1275 quidam
1145 1212 1240 1253 mun-

284 1292 359 1356 dani
370 1293 453 1377 juris
466 1291 618 1378 praesules
633 1290 862 1356 adsciscuntur.
902 1289 947 1354 Et
961 1290 1092 1377 quidem
1109 1292 1164 1378 qui
1179 1292 1240 1357 hoc

283 1395 376 1459 officii
387 1405 505 1479 gemnt
515 1395 549 1470 in
560 1393 678 1480 palatio
688 1393 770 1478 juris
781 1393 980 1470 auctoritate,
996 1393 1134 1457 Palatini
1149 1406 1239 1461 sunt:

285 1497 352 1570 Qui
363 1497 396 1559 in
412 1496 587 1561 Provinciis
605 1494 828 1560 Provinciales.
862 1495 1001 1582 Utrique
1011 1517 1086 1560 vero
1096 1496 1239 1580 gladium

285 1609 422 1684 portant,
436 1620 499 1662 non
515 1597 626 1684 utique
641 1619 705 1684 quo
720 1595 919 1661 carnificinas
934 1597 1085 1683 expleant
1097 1610 1240 1663 veterum

283 1711 500 1786 tyrannorum,
523 1701 578 1764 sed
602 1710 638 1764 ut
658 1699 777 1764 divinae
800 1711 933 1784 pareant
955 1700 1030 1784 legi,
1051 1711 1084 1764 et
1106 1701 1146 1764 ad
1169 1722 1241 1765 nor-

283 1824 370 1866 mam
399 1803 469 1887 ejus
499 1801 627 1866 utilitati
657 1800 795 1886 publicae
825 1801 972 1879 serviant,
1000 1802 1042 1865 ad
1066 1802 1239 1867 vindictam

283 1904 536 1984 malefactorum,
553 1904 681 1969 laudem
697 1926 772 1968 vero
790 1903 958 1968 bonorum.
1003 1903 1057 1968 Tu
1073 1927 1149 1989 ergo
1164 1905 1240 1992 quia

286 2006 532 2071 Provincialium
547 2007 632 2072 vices
646 2007 724 2091 agis,
739 2016 835 2092 prout
855 2005 917 2069 loci
938 2017 970 2070 et
990 2007 1128 2072 nominis
1144 2008 1239 2072 iudex

286 2120 333 2171 est
347 2107 468 2186 titulus,
486 2108 608 2172 utinam
624 2108 669 2172 sic
684 2107 853 2195 exequaris
868 2107 954 2194 quod
970 2107 1068 2192 exigit
1083 2108 1241 2195 princeps,

285 2232 326 2273 ne
341 2211 520 2276 offendatur
534 2211 560 2276 is
575 2211 631 2299 qui
651 2211 755 2276 aufert
775 2209 921 2296 spiritum
942 2210 1132 2296 principum,
1149 2211 1240 2275 terri-

284 2312 357 2377 bilis
371 2315 458 2399 apud
477 2336 569 2398 reges
592 2325 697 2390 terrae,
713 2313 804 2397 cujus
826 2312 961 2377 ecclesia
980 2335 1094 2399 sponsa
1108 2327 1168 2392 est,
1184 2313 1239 2400 qui

285 2413 318 2477 in
348 2416 515 2479 sacerdotii
541 2416 590 2480 sui
619 2415 663 2480 sic
693 2414 917 2480 animadvertit
946 2425 1181 2501 contemptores
1207 2427 1242 2480 et

286 2513 506 2578 malefactores
534 2514 625 2601 quasi
660 2515 815 2601 pupillam
845 2515 1037 2603 appetierint
1065 2517 1148 2581 oculi
1180 2517 1240 2581 sui.

287 2616 370 2691 Quae
393 2618 480 2682 enim
510 2618 570 2682 sibi
595 2618 719 2704 sapiens
748 2631 847 2706 optat,
874 2620 932 2686 tibi
958 2621 1050 2685 dator
1074 2621 1240 2708 sapientiae

283 2703 444 2803 largiatur.
491 2718 568 2783 Tibi
590 2719 716 2784 debitor
737 2743 819 2798 sum,
836 2734 869 2785 et
889 2722 930 2786 de
952 2722 1119 2787 affectione
1142 2746 1238 2810 quam

283 2820 324 2883 ad
360 2842 413 2884 me
450 2832 484 2885 et
518 2843 607 2886 meos
644 2823 743 2888 habes
780 2837 916 2912 quantas
959 2848 1086 2911 possum
1123 2828 1241 2911 gratias

283 2944 353 3005 ago,
376 2936 480 2987 certus
503 2924 589 3010 quod
611 2926 785 3011 condignas
811 2929 968 3014 rependet
991 2928 1184 3006 Altissimus,
1208 2942 1242 2994 et

283 3023 528 3108 benignissimus
550 3026 731 3093 retributor.
778 3029 887 3095 Status
907 3052 998 3095 meus
1016 3044 1146 3096 auctore
1168 3032 1240 3097 Deo

282 3126 445 3211 jucundus
460 3138 518 3203 est,
535 3127 589 3191 sed
606 3128 647 3192 de
662 3141 718 3193 tuo
738 3142 773 3194 et
791 3132 966 3196 amicorum
982 3133 1142 3198 certiorari
1158 3134 1242 3199 desi·

284 3227 371 3303 dero,
384 3238 418 3291 et
432 3250 542 3292 secure
554 3229 670 3314 poteris
682 3231 768 3316 quod
779 3231 920 3317 placebit
931 3234 1023 3300 latori
1034 3238 1239 3322 praesentium

279 3330 443 3398 iutimare.
490 3330 611 3397 Valete.

282 3626 504 3692 EPISTOLA
531 3625 833 3691 cmxxxi-nn
856 3645 995 3691 Paruum
1017 3645 1239 3692 scelerosam.

651 3731 739 3805 [nn.
760 3733 867 3806 moe]

570 3882 660 3945 Idem
677 3884 774 3947 Petro
791 3887 957 3966 Scriptori.

329 4020 439 4081 Zetus
465 4040 561 4103 quem
588 4016 686 4080 habes
711 4016 743 4080 in
770 4018 909 4081 Domino
932 4018 1010 4082 mihi
1031 4030 1127 4082 notus
1153 4032 1200 4081 est
1223 4042 1261 4081 a.

286 4117 394 4180 multis
416 4117 506 4180 annis
533 4131 568 4181 ut
596 4130 628 4182 te
655 4118 750 4181 sciam
779 4141 876 4203 super
902 4118 1040 4182 ecclesiae
1067 4129 1151 4181 statu
1179 4140 1241 4181 uon

288 4240 376 4301 posse
393 4240 455 4280 nou
471 4220 599 4283 moveri.
646 4221 785 4307 Quippe,

391 4340 481 4392 Sidera
493 4344 549 4409 quis
562 4344 737 4412 mundumque
750 4344 823 4407 velit,
836 4349 952 4412 spectare
964 4343 1109 4404 cadentem,
