3034 5200
276 685 317 742 44
525 692 661 738 soluurs
677 690 963 736 sanasnnnrrmsas
1132 673 1176 752 [A.
1194 691 1222 735 n.

279 859 364 928 sunt,
379 848 591 911 debueramus
606 854 637 908 et
651 863 710 906 nos
731 863 801 906 esse
817 840 858 907 de
873 843 1071 906 coutentium
1094 843 1225 926 populo.

279 951 315 1015 Si
334 957 455 1033 patrem
474 944 680 1028 profitemini,
695 942 750 1007 ubi
771 952 821 1006 ast
841 963 930 1005 amor
949 941 1040 1026 ejus?
1063 943 1090 1005 si
1113 942 1225 1005 Domi-

278 1072 354 1113 num
368 1046 547 1131 recepistis,
562 1046 677 1110 debitae
693 1045 905 1108 venerationis
925 1065 989 1128 quo
1002 1045 1163 1128 profectus
1178 1054 1228 1106 est

278 1150 394 1214 timor?
418 1150 446 1213 si
460 1169 516 1212 voa
536 1147 647 1212 fratrea
666 1147 806 1211 asseritis
828 1157 860 1211 et
880 1147 1002 1211 amicos
1022 1146 1225 1230 peregrinan-

278 1254 370 1330 tium,
379 1272 436 1316 cur
449 1260 576 1315 cessant
589 1249 795 1312 humanitatis
809 1248 925 1318 officia,
937 1262 970 1310 at
980 1247 1099 1310 dobitae
1115 1246 1228 1309 solatia

280 1350 441 1418 caritatis?
475 1351 533 1415 sed
556 1351 689 1414 fortasse
718 1371 783 1434 quo
811 1350 930 1431 gratius
959 1348 1041 1433 patri
1070 1347 1227 1429 praestetis

281 1454 483 1539 obsequium,
512 1452 692 1540 expectatis
722 1459 758 1514 ut
780 1451 919 1534 amplius
948 1461 1051 1532 egeat.
1097 1449 1227 1513 Interim

280 1556 413 1641 picturis
426 1555 578 1619 inanibus
592 1552 747 1638 imperitae
768 1550 981 1615 multitudinis
995 1551 1106 1615 oculos
1121 1550 1228 1613 oblec-

281 1668 386 1723 tantes
408 1658 468 1722 rati
492 1657 670 1739 impensum
701 1655 740 1717 iri
770 1655 911 1737 publicis
939 1655 1050 1718 usibus
1080 1651 1166 1738 quod
1194 1652 1228 1714 in

282 1758 477 1841 spectaculis
487 1766 518 1819 ot
527 1755 720 1818 curiosorum
735 1755 906 1818 lenociniis
917 1757 1080 1819 oculorum
1093 1755 1230 1838 ineptius

280 1868 434 1939 erogatur.
480 1854 627 1917 Profecto

386 1961 450 2015 Non
460 1960 509 2013 boc
519 1961 571 2012 ista
582 1959 633 2011 sibi
644 1964 746 2029 tempus
756 1957 903 2028 spectacula
913 1960 1004 2028 poscit.

283 2068 435 2151 illudque
447 2065 620 2149 satyricum
636 2064 760 2127 videtur
770 2064 804 2126 in
816 2085 883 2141 vos,
893 2065 990 2128 “scio
1005 2065 1057 2128 cni
1070 2067 1231 2147 atquibus

282 2167 423 2253 loquar,''
437 2165 644 2250 probabiliter
658 2164 919 2248 retorquendum,

388 2290 451 2343 Non
461 2289 543 2342 habat
553 2283 645 2339 infelix
657 2285 782 2339 Numitor
792 2287 855 2356 quid
865 2287 953 2339 mittat
964 2288 1057 2352 amico,
1104 2318 1108 2324 ·

389 2373 525 2440 Quintilla
537 2371 599 2443 quid
610 2372 690 2425 donet
700 2370 791 2435 habet,
801 2388 850 2424 nec
862 2369 946 2425 defuit
956 2370 996 2424 illi

389 2461 467 2515 Unda
479 2462 578 2513 emeret
588 2457 671 2511 multa
680 2457 839 2530 poscendum
849 2474 926 2511 carne
937 2458 1047 2512 leonem.

286 2581 357 2643 Nec
380 2577 441 2640 hoc
464 2573 601 2639 dixerim
619 2572 707 2657 qnod
721 2574 853 2637 verbum
867 2572 930 2638 hoc
946 2574 979 2638 in
995 2594 1107 2638 omnes
1127 2574 1231 2652 cadat,

285 2681 342 2747 sed
364 2680 399 2743 in
420 2698 477 2742 eoa
499 2695 583 2760 quos
604 2674 822 2738 indubitanter
843 2675 955 2750 nostis,
972 2676 1048 2759 quia
1062 2685 1232 2758 potuerunt

285 2804 353 2846 non
389 2775 568 2859 transgredi
597 2783 630 2838 et
661 2774 850 2855 transgressi
881 2784 971 2837 sunt:
1003 2776 1089 2836 bona
1117 2775 1233 2852 facore,

286 2902 348 2946 nec
370 2882 524 2944 fecerunt.
569 2875 668 2940 Novit
690 2875 854 2958 inspector
875 2872 1030 2953 cordium,
1054 2874 1131 2958 quia
1151 2876 1232 2938 mihi

287 2981 413 3046 tristitia
427 2989 486 3055 est,
499 2989 531 3042 et
546 2977 637 3041 dolor
651 2977 822 3041 continuus
837 2976 926 3040 cordi
941 2997 1024 3053 meo,
1039 2977 1125 3061 quod
1140 2977 1234 3040 nobis

287 3077 517 3143 dormientibus
539 3078 573 3138 in
595 3078 741 3160 periculo
764 3078 846 3151 vitre,
869 3077 930 3141 soli
955 3077 1050 3141 alieni
1073 3078 1235 3159 naufragio

287 3190 397 3244 nostro
425 3179 531 3241 ferunt
559 3197 664 3259 opem·
715 3179 842 3242 Dicitur
868 3190 974 3243 tamen
1004 3179 1045 3243 ad
1073 3183 1234 3244 cumulum

289 3279 408 3343 doloris
431 3277 506 3351 mci,
531 3275 617 3359 qnod
643 3278 728 3340 circa
751 3300 851 3342 unum
875 3281 907 3342 in
933 3291 1022 3344 tanta
1046 3281 1237 3344 necessitate

288 3380 371 3465 patri
395 3377 589 3464 praestitistis
614 3378 814 3461 obsequium,
838 3379 1024 3462 diligentem
1050 3380 1233 3443 adhibendo

289 3480 466 3548 custodiam
488 3500 529 3542 ne
559 3499 754 3562 quocunque
784 3500 862 3543 casn
888 3481 1056 3545 evaderet:
1093 3481 1168 3564 quia
1194 3479 1235 3542 de

255 3603 257 3609 ·
288 3604 386 3647 manu
406 3579 591 3645 camificum
610 3583 738 3662 elapsus
758 3583 982 3646 convolaverat
997 3580 1037 3643 ad
1057 3593 1235 3643 nostrorum

290 3681 439 3767 praesidia
452 3691 667 3765 patronorum.
711 3681 777 3745 Sed
792 3682 936 3745 timorem
951 3680 1155 3765 praetenditis.
1192 3684 1236 3745 At

288 3780 431 3864 prolecto
452 3778 542 3842 Deus
555 3800 623 3842 non
641 3778 798 3859 irridetur,
815 3779 871 3843 sed
891 3779 1008 3842 timetis
1028 3800 1100 3841 eum
1121 3780 1175 3842 cui
1195 3779 1236 3842 ad

290 3889 484 3947 momentum
497 3880 617 3944 credita
629 3890 677 3943 est
687 3879 887 3964 dispensatio
897 3890 1033 3962 peccata
1043 3880 1236 3963 corripiendi

290 3986 324 4048 in
344 3980 541 4063 corporibus,
556 4001 652 4063 quare
674 4001 741 4043 non
763 3980 938 4062 pertimetis
960 4001 1033 4042 eum
1056 3981 1111 4064 qui
1133 3991 1239 4065 potest

292 4105 408 4171 corpus
422 4091 455 4147 et
468 4082 608 4145 animam
629 4082 754 4145 mittere
769 4082 803 4143 in
817 4079 1021 4165 gehennam?
1059 4084 1236 4165 Expergis-

291 4188 400 4254 cimini
432 4186 538 4267 igitnr‚
567 4193 599 4248 et
632 4184 835 4248 memineritis
865 4181 978 4246 Abdiae
1012 4182 1238 4267 dispensatoris

291 4291 414 4367 Achab,
431 4287 485 4373 qui
506 4298 631 4353 contum
652 4288 824 4370 prophetas
845 4286 877 4348 in
897 4287 1059 4368 specubus
1079 4287 1238 4350 latitantes
