3034 5200
283 682 325 741 28
534 693 670 740 scaurus
685 692 964 741 saansnnrunusrs
1124 677 1187 758 ’[A.
1205 695 1236 740 n.

281 845 378 929 gastis
387 845 420 908 in
437 865 567 924 annum,
591 854 627 910 ut
642 844 733 909 vobis
748 865 807 908 rex
823 847 998 927 Anglorum
1012 847 1140 910 interim
1160 868 1237 909 con·

279 945 461 1011 soederetur.
507 945 799 1020 Sedmemineritis
820 946 949 1011 foederis
965 947 1134 1023 Benadab,
1150 946 1237 1032 quod

280 1045 346 1127 regi
369 1047 467 1110 Israel
491 1047 550 1110 suit
571 1047 605 1110 in
623 1045 823 1120 scandalum,
839 1055 872 1109 et
892 1048 1014 1130 populo
1036 1047 1068 1109 in
1090 1048 1234 1111 ruinamr

278 1145 354 1231 quia
369 1147 523 1210 ultionem
541 1148 696 1212 divinitus
711 1159 913 1231 procuratam
925 1148 958 1209 in
974 1149 1114 1231 publicae
1128 1148 1236 1229 religi·

279 1247 351 1313 ouis
371 1248 496 1312 hostem
510 1249 613 1312 noluit
633 1269 794 1313 exercere.
839 1247 1056 1311 Proculdubio
1075 1258 1107 1314 et
1121 1249 1192 1325 iste,
1210 1264 1240 1326 si

280 1349 449 1414 stetissetis
459 1349 501 1414 ad
515 1349 689 1427 modicum,
698 1349 769 1433 jam
780 1347 822 1412 ad
834 1346 1032 1412 deditionem
1048 1351 1234 1433 compulsus

278 1463 355 1530 erat,
366 1460 402 1515 ut
416 1471 450 1515 se
466 1450 604 1516 traderet
618 1452 767 1515 manibus
783 1450 893 1514 restris
908 1460 940 1513 et
954 1451 1106 1514 Ecclesia
1119 1452 1179 1514 sub
1196 1472 1238 1515 eo

226 1549 228 1554 ’
280 1552 391 1618 debita
410 1551 555 1618 libertate
578 1552 738 1634 gauderet.
784 1551 851 1616 Sed
877 1551 950 1636 quis
974 1550 1014 1615 de
1040 1551 1135 1615 unius
1160 1565 1239 1627 anni

278 1652 343 1717 vita
365 1663 563 1737 potestesse
586 1651 738 1716 securus?
766 1652 817 1715 An
839 1651 972 1716 nescitis
995 1653 1144 1735 quoniam
1165 1652 1239 1736 qui·

281 1774 420 1836 cumque
436 1752 572 1815 oderunt
582 1752 741 1815 Ecclesiae
753 1751 947 1828 libertatem,
959 1753 1025 1815 sive
1037 1753 1240 1817 schismatico

279 1851 462 1935 imperatori
485 1850 694 1914 consoederati
718 1851 793 1927 sint,
809 1850 881 1913 ritae
897 1863 1022 1928 vestrae,
1038 1875 1133 1934 quam
1149 1854 1241 1917 Deus

279 1955 313 2017 in
328 1953 429 2016 multa
442 1950 614 2035 protendat
627 1961 783 2034 tempora,
797 1950 965 2013 terminum
981 1961 1102 2033 optant
1141 1953 1239 2017 Patet

277 2074 354 2134 ergo
370 2071 464 2135 quam
480 2051 659 2134 periculosa
673 2050 716 2114 sit
730 2051 791 2113 ista
813 2049 935 2124 dilatio,
950 2072 1007 2134 per
1022 2072 1118 2133 quam
1133 2063 1233 2116 teme·

279 2153 355 2217 ritas
370 2152 507 2235 amplius
525 2151 699 2230 insolescit,
716 2163 749 2214 et
768 2151 928 2215 Ecclesiae
949 2151 1094 2216 conditio
1115 2152 1233 2216 tristior

280 2252 434 2322 etdurior
447 2252 637 2315 malitiosius
658 2262 857 2336 expectatur.
901 2252 990 2316 Mala
1004 2252 1153 2317 facienda
1167 2275 1233 2317 non

279 2365 366 2433 sunt,
381 2363 416 2416 ut
437 2353 627 2437 proveniant
647 2354 750 2417 bona:
782 2375 843 2418 nec
865 2354 1003 2419 salubris
1025 2377 1095 2419 esse
1114 2355 1232 2441 poterit

281 2453 489 2540 dispensatio,
509 2476 568 2538 per
588 2476 684 2540 quam
704 2455 929 2537 sacrilegorum
952 2467 1160 2541 perpetuatur
1180 2479 1236 2522 au·

282 2555 385 2621 dacia.

323 2659 465 2723 Excussi
486 2659 628 2738 modum,
642 2669 675 2723 et
696 2660 770 2744 quis
792 2658 845 2722 cui
866 2659 1050 2742 loqueretur
1067 2661 1171 2724 minus
1186 2671 1233 2724 at-

280 2758 398 2824 tendi:—
417 2759 474 2825 sed
495 2761 687 2824 exulceratae
712 2759 828 2822 mentis
850 2758 1003 2841 impetum
1029 2780 1234 2843 nequaquam

279 2860 371 2944 potui
387 2861 560 2937 cohibere,
583 2859 696 2924 videns
717 2858 806 2943 quod
831 2858 1002 2922 occasione
1025 2859 1113 2922 verbi
1136 2858 1232 2944 hujus

278 2961 472 3027 crudescunt
489 2962 638 3046 amplius
668 2960 838 3025 adversarii
867 2960 978 3038 nostri,
1000 2960 1099 3023 immo
1128 2960 1235 3039 vestri,

277 3071 311 3124 et
334 3062 574 3125 bencfactorum
600 3075 779 3127 nostrorum
804 3061 979 3126 liberalitas
1005 3062 1152 3144 tepescit,
1177 3072 1233 3125 aut

278 3160 409 3223 omnino
424 3161 569 3224 extincta
584 3171 643 3235 est,
654 3172 768 3244 proeter
783 3184 880 3246 quam
891 3163 926 3225 in
940 3183 1014 3245 rege
1025 3163 1231 3240 Francorum,

278 3271 310 3324 et
319 3260 433 3344 paucis
441 3261 521 3340 aliis,
529 3260 585 3345 qui
594 3261 690 3324 nobis
699 3263 828 3345 quidem
839 3265 1077 3347 compatiuntur
1087 3264 1233 3348 ampliuS,

278 3372 321 3437 et,
351 3362 437 3425 unde
468 3362 614 3426 dolemus
645 3362 828 3444 plurimum,
857 3376 1030 3448 queruntur
1060 3362 1100 3427 de
1131 3365 1233 3427 vobis.

278 3463 408 3527 Placeat
418 3462 526 3548 itaque
535 3462 732 3527 miserationi
742 3477 863 3543 vestrae,
873 3451 1156 3529 Cantuaricnsibus
1165 3485 1233 3526 ves-

278 3563 333 3627 tn's
348 3564 476 3649 aliquod
495 3574 645 3648 praestare
668 3565 829 3643 solatium,
845 3576 877 3629 et
895 3565 989 3629 vestri
1010 3563 1151 3627 nominis
1165 3565 1232 3645 glo-

277 3664 356 3728 riam
375 3666 552 3744 reformare,
566 3665 768 3751 reprimendo
790 3666 898 3729 hostes
916 3664 1074 3729 Ecclesiae
1096 3675 1129 3726 et
1142 3665 1232 3727 retri-

276 3766 405 3830 buendo
420 3766 857 3834 circumventoribus·vestris
875 3786 935 3849 pro
955 3765 1075 3829 merito.
1121 3765 1231 3828 Unum

278 3875 336 3951 pr'o
352 3879 438 3934 certo
453 3870 616 3947 noveritis,
631 3867 718 3952 quod
738 3866 767 3929 si
781 3886 841 3931 rex
862 3866 959 3928 semel
974 3865 1008 3927 in
1029 3884 1231 3947 quacumque

277 3969 429 4052 petitione
458 3972 618 4055 repulsam
653 3966 848 4045 sustinuerit,
877 3965 1019 4028 omnium
1048 3964 1230 4027 meritorum

279 4084 464 4150 vestrorum,
487 4069 594 4154 quoad
619 4069 736 4150 ipsum,
762 4065 969 4129 evacuabitur
988 4064 1119 4128 fructus.
1163 4064 1230 4128 Ne·

279 4192 369 4235 cesse
385 4185 490 4237 autem
504 4182 552 4235 est
568 4179 603 4232 ut
617 4157 755 4252 patiatur
769 4167 940 4248 repulsam
952 4165 1006 4250 qui
1021 4165 1056 4228 in
1071 4164 1230 4249 petitioni·

278 4271 340 4333 bus
354 4273 541 4337 modestiam
556 4270 669 4335 nescit.
