3034 5200
277 682 341 740 296
454 699 590 744 scansus
606 699 885 745 saansnnarnxsrs
902 698 1079 744 nursrotn.

281 934 501 998 EPISTOLA
525 936 932 1000 CCCXXVll.-c1runn
954 955 1089 999 sosimus
1111 955 1237 999 canno-

324 1054 438 1097 Tussis
458 1055 616 1114 EPISCOPI,
641 1055 683 1098 DE
707 1056 959 1101 SATISFACTIONE
987 1057 1084 1100 FACTA
1105 1055 1235 1099 MONAS-

325 1152 426 1197 TERIO
444 1157 469 1198 S.
487 1155 681 1199 LAUNOMARI
698 1156 887 1216 BLESENSIS,
900 1157 962 1200 PRO
979 1156 1105 1200 ILLATIS
1120 1156 1234 1200 EIDEM

326 1253 452 1298 namma
469 1255 510 1299 ET
521 1256 665 1301 lusunlls
676 1257 694 1299 Α
704 1255 831 1300 JOANNE
844 1253 969 1298 conflua
982 1251 1235 1297 VINDOCINENSI.

323 1339 368 1413 [A.
381 1357 412 1400 n.
432 1339 543 1418 nau]

277 1529 432 1605 Jonnnea‚
459 1534 572 1594 divina
603 1533 793 1613 dignatione
820 1536 850 1592 et
881 1529 1000 1589 mentis
1030 1527 1065 1589 S.
1097 1524 1234 1586 Tnomae

322 1637 488 1714 martyria,
516 1635 724 1697 Carnotenat‘s
752 1633 888 1695 ecclesie
914 1630 1060 1690 minister
1088 1627 1232 1698 bomilia,

323 1735 469 1796 omnibns
493 1737 536 1795 od
556 1754 634 1815 quoa
653 1739 827 1816 praetentet
849 1733 948 1792 litere
968 1728 1174 1810 pervenerint
1196 1724 1234 1788 in

322 1834 461 1896 Domino
475 1837 622 1898 salntem.

324 1964 510 2032 Nnvnnrma
532 1965 687 2030 illustrem
711 1965 813 2030 virum
837 1964 993 2028 Joannem
1015 1959 1234 2026 Vindocinen·

278 2089 344 2131 sem
361 2091 380 2132 a
395 2068 484 2132 nobis
496 2068 653 2132 sententia
667 2065 1013 2142 excommunicationis,
1025 2085 1121 2151 quam
1133 2063 1232 2127 etiam

278 2169 426 2232 dominus
450 2190 531 2252 papa
558 2168 741 2233 Alexander
768 2167 830 2234 ΙΙΙ.
858 2168 1109 2243 confirmaverat,
1136 2165 1233 2230 fuisso

278 2269 398 2335 diutius
421 2269 607 2334 innodatum
630 2283 758 2357 propter
781 2271 933 2358 quasdam
957 2271 1081 2357 iniquas
1102 2291 1236 2334 consue·

280 2375 419 2454 tudines‚
435 2397 514 2462 quas
529 2375 561 2439 in
578 2375 660 2440 villis
677 2375 787 2440 Sancti
804 2375 998 2440 Launomari
1015 2373 1184 2451 Blesensis,
1200 2371 1234 2436 in

280 2500 363 2563 pago
384 2476 612 2543 Vindocinensi
635 2478 823 2561 constitutis,
838 2490 948 2543 contra
964 2477 1120 2563 justitiam
1143 2497 1235 2540 usur-

279 2581 385 2667 pabat.
431 2580 624 2647 Vindicabat
646 2582 732 2647 anim
755 2581 788 2646 in
811 2581 873 2647 illis
888 2580 948 2646 sibi
966 2581 1020 2667 jus
1040 2578 1234 2666 hospitandi,

280 2685 411 2762 talliam,
438 2686 632 2771 corvagium,
655 2686 856 2770 avenagium,
879 2686 1036 2769 justitiam
1059 2683 1177 2749 cruoris
1199 2694 1234 2747 et

278 2788 425 2853 latronis:
456 2788 572 2875 quibus
587 2789 735 2854 omnibus
753 2788 1008 2874 Hierosolymam
1032 2788 1231 2873 proiecturus

278 2913 383 2955 coram
410 2891 502 2955 nobis
523 2902 558 2955 et
579 2891 688 2956 multis
713 2890 948 2955 venerabilibus
969 2890 1050 2954 veris
1072 2889 1175 2955 Blesis
1198 2890 1232 2954 in

278 3003 469 3081 perpetuum
486 2993 693 3070 renunciavit,
710 3004 746 3057 ut
765 3016 784 3057 a
799 2993 925 3058 vinculo
942 2992 1152 3056 anathematis
1166 3013 1232 3078 quo

276 3096 446 3160 tenebatur
461 3109 636 3161 mereretur
651 3096 780 3161 absolvi.
827 3095 1001 3161 Constituit
1014 3095 1111 3159 etiam
1127 3104 1161 3157 et
1173 3116 1232 3159 au·

278 3196 418 3261 thentice
441 3197 640 3264 confirmavit
661 3197 758 3284 quod,
773 3196 799 3261 si
821 3196 892 3283 quis
907 3195 1071 3259 haeredum
1094 3193 1144 3258 vel
1159 3215 1230 3258 suc-

278 3317 436 3362 cessorum
449 3319 575 3361 suorum
592 3297 763 3362 monachos
774 3307 830 3361 aut
845 3295 989 3359 homines
1003 3295 1089 3360 beati
1100 3294 1231 3358 Leuno-

277 3396 359 3462 mari
384 3396 552 3461 molestare
579 3400 629 3462 vel
659 3400 837 3485 inquietare
863 3396 1110 3483 praesumpserit,
1134 3417 1229 3481 super

276 3496 440 3565 exactione
469 3497 692 3583 praedictorum
723 3499 887 3583 sexaginta
915 3522 1037 3565 marcas
1062 3509 1228 3583 argenteas

276 3600 369 3667 dictis
380 3599 542 3665 monachis
551 3601 728 3687 persolvere
738 3623 796 3687 per
806 3600 1049 3667 ecclesiasticam
1062 3622 1229 3667 censuram

278 3702 496 3789 compellatur.
540 3708 587 3769 Et
600 3726 641 3768 ne
656 3703 695 3769 lis
709 3704 742 3768 iu
758 3703 843 3768 bunc
858 3703 989 3768 modum
1005 3703 1107 3789 sopita
1120 3700 1171 3766 val
1186 3700 1228 3765 ab

275 3806 344 3892 ipso
359 3803 409 3870 vel
424 3804 465 3869 ab
490 3804 669 3871 hoeredibus
685 3809 754 3894 ejus
772 3805 869 3893 possit
886 3804 999 3870 iterato
1018 3803 1172 3883 suscitari,
1186 3802 1229 3866 ad

278 3927 389 3990 preces
415 3903 511 3989 ipsius
538 3904 672 3970 formam
699 3907 785 3991 pacis
810 3906 898 3969 initae
928 3905 1076 3991 praesenti
1102 3903 1228 3990 paginae

275 4007 532 4072 commendatam
548 4007 641 4091 sigilii
661 4007 838 4072 munimine
855 4007 981 4072 decrevi
1004 4007 1225 4072 roborandam.

275 4110 393 4177 Actum
411 4107 522 4189 Blesis,
538 4130 621 4172 anno
637 4108 734 4175 Verbi
751 4108 910 4174 Incarnati
930 4116 1021 4175 1180.
