3034 5200
318 715 379 773 170
534 757 537 764 .
602 727 739 772 scaurus
755 726 1033 772 saansaamansrs
1176 710 1222 788 [A.
1241 729 1271 772 n.

317 888 472 941 amatores
499 875 617 960 Angeli
644 876 742 939 sancti
774 889 805 940 te
834 876 1010 961 gaudentes
1039 876 1212 962 excipient,
1239 889 1272 941 et

315 977 494 1042 diademate
514 978 603 1062 regni
618 988 802 1042 coronatum
826 980 908 1041 iuter
932 977 1048 1041 electos
1069 978 1270 1042 coronabunt

317 1079 347 1142 in
372 1079 585 1164 praeordinata
599 1078 798 1142 ordinatione
818 1078 1035 1156 beatitudinis,
1052 1078 1108 1142 ubi
1125 1078 1273 1144 Christus

316 1189 363 1241 est
378 1177 420 1243 ad
442 1177 605 1242 dexteram
630 1178 691 1241 Dei
708 1178 829 1241 sedens.
875 1179 948 1261 Age
971 1200 1059 1263 ergo,
1075 1177 1190 1242 dilecte
1213 1180 1270 1255 mi,

317 1280 451 1344 viriliter
473 1280 560 1365 quod
576 1279 713 1364 coepisti,
730 1278 848 1342 virtute
871 1278 1113 1363 perseverantiae
1134 1302 1273 1364 propera

318 1381 359 1445 ad
389 1382 588 1468 triumphum
618 1381 701 1445 felici
731 1380 918 1443 commercio
948 1402 1007 1466 pro
1040 1379 1272 1465 temporalibus

319 1495 428 1547 eterna
443 1505 597 1546 mercare:
629 1481 758 1545 divitias
773 1480 805 1542 in
820 1503 892 1544 eum
909 1480 1060 1566 promitte
1075 1480 1191 1560 locum,
1205 1505 1272 1566 quo

320 1607 430 1669 aerugo
455 1584 506 1647 vel
535 1583 620 1648 tinea
645 1605 707 1646 non
737 1582 903 1667 pertingit.
948 1583 1030 1644 Esto
1056 1581 1215 1663 benignus
1240 1598 1273 1646 et

322 1685 497 1748 misericors
511 1684 551 1747 ad
567 1706 687 1758 omnes,
701 1683 755 1747 sed
773 1682 908 1746 maxime
923 1682 1083 1745 beneficus
1094 1682 1134 1744 ad
1151 1682 1276 1745 domes-

321 1787 399 1849 ticos
415 1785 500 1862 fidei,
515 1785 555 1847 ad
571 1807 625 1846 eos
645 1784 699 1869 qui
715 1807 774 1868 pro
791 1783 919 1869 justitia
940 1785 1121 1869 patiuntur,
1137 1785 1194 1869 qui
1217 1807 1275 1848 sua

321 1906 379 1969 pro
399 1883 494 1947 verbo
518 1881 578 1945 Dei
601 1884 706 1946 omnia
729 1895 997 1968 contempserunt,
1013 1887 1070 1968 qui
1091 1884 1273 1949 maluerunt

322 2008 381 2070 pro
396 1985 493 2048 verbo
509 1984 631 2048 Christi
653 1985 848 2070 paupertati,
863 1985 1022 2070 periculis,
1038 1986 1219 2069 ignominiae
1241 1997 1274 2050 et

322 2085 522 2172 improperiis
537 2083 737 2149 adulantium
757 2085 878 2148 mundo
894 2088 1118 2173 fortunamque
1140 2109 1273 2172 sequen·

323 2186 403 2249 tium
427 2185 554 2269 exponi,
577 2208 671 2270 quam
690 2185 722 2247 in
747 2185 878 2249 consilio
898 2186 1068 2272 impiorum
1090 2211 1222 2271 regnare
1242 2201 1275 2254 et

323 2287 430 2351 sedere
445 2309 517 2349 cum
531 2285 730 2372 principibus
742 2299 774 2350 et
785 2285 898 2351 florere
909 2310 976 2373 prae
987 2289 1161 2354 fortunatis
1172 2302 1275 2353 terrae.

323 2387 447 2466 Quibus
462 2399 565 2451 autem
584 2387 699 2450 teneris
713 2411 752 2451 ex
771 2389 862 2473 justa
876 2400 908 2452 et
924 2390 1023 2453 veteri
1043 2389 1207 2453 affectione
1222 2390 1272 2452 vel

323 2492 447 2566 merito,
464 2488 642 2573 benignius,
658 2488 801 2568 celerius,
816 2501 848 2552 et
868 2489 1063 2553 fructuosius
1085 2492 1276 2575 respondere

325 2615 363 2656 ne
389 2591 526 2671 differas,
546 2614 634 2654 more
660 2614 768 2655 eorum
795 2590 851 2676 qui
878 2603 914 2653 ut
939 2591 1101 2677 propriam
1125 2603 1275 2656 excusent

323 2691 499 2770 avaritiam,
515 2693 591 2756 dum
607 2692 813 2777 praetendunt
833 2692 984 2757 malitiam
1009 2696 1171 2779 temporis,
1187 2692 1275 2756 duri-

323 2798 397 2862 tiam
426 2795 602 2881 potestatis‚
627 2807 787 2859 auctorem
815 2805 994 2879 temporum
1020 2807 1052 2859 et
1079 2807 1273 2887 potestatum

323 2898 538 2961 ordinatorem
560 2896 678 2974 Deum,
693 2894 747 2980 qui
764 2917 796 2956 se
810 2893 1017 2976 diligentibus
1040 2898 1145 2959 omnia
1166 2885 1278 2977 coope-

325 3011 414 3063 ratur
429 2998 460 3061 in
478 2998 609 3075 bonum,
622 2995 839 3058 criminantur.
871 2994 1058 3064 Memineris
1067 2995 1177 3081 potius
1189 2994 1276 3080 quod

668 3119 897 3171 ——nocuit
909 3118 1013 3171 differre
1025 3120 1137 3190 paratis:

395 3205 449 3265 Qui
460 3223 511 3258 non
523 3210 564 3256 est
573 3204 662 3267 hodie,
675 3221 731 3256 cras
743 3205 829 3256 minus
841 3208 915 3273 aptas
928 3206 986 3256 erit.

326 3318 400 3379 Hoc
414 3313 444 3375 in
470 3313 672 3397 philosophia
694 3313 836 3377 nutritus
858 3326 890 3378 et
912 3314 944 3377 in
968 3312 1038 3396 lege
1062 3315 1181 3379 Christi
1205 3339 1279 3402 pro·

325 3427 433 3479 vectus
449 3412 651 3477 meditaberis
665 3425 698 3477 et
712 3413 819 3479 facies.
865 3419 949 3480 Nam
966 3415 1052 3480 solus

336 3582 340 3590 .
398 3538 522 3591 Rusticus
534 3542 655 3607 expectat
666 3538 727 3589 dum
740 3538 840 3591 defluat
852 3541 944 3604 amnis,
957 3546 984 3592 at
996 3538 1042 3591 ille

398 3625 507 3677 Labitur
519 3628 546 3677 et
556 3622 658 3676 labetur
669 3625 696 3675 in
709 3642 785 3677 omne
797 3621 918 3677 'volubilis
929 3641 1021 3677 aerum.

329 3738 368 3799 ln
386 3757 439 3798 ore
461 3735 569 3800 latoris
590 3735 794 3820 praesentium
819 3747 934 3800 caetera
954 3736 1057 3819 posita
1079 3742 1164 3812 sunt,
1178 3734 1231 3795 cui
1253 3734 1280 3796 si

326 3836 499 3915 credideris
513 3849 545 3899 et
566 3837 775 3922 acquieveris,
796 3836 883 3922 quod
900 3835 978 3898 mihi
999 3858 1057 3920 per
1073 3834 1179 3897 Adam
1195 3837 1281 3918 Apo-

329 3937 449 4003 stolicae
469 3937 671 3999 successionis
690 3937 886 4001 cohaeredem
905 3936 1100 4022 significasti,
1123 3933 1281 3999 maturius

328 4038 526 4125 adimplebis.
