3034 5200
283 727 393 809 mu]
675 744 855 790 aursnoda.
1174 733 1236 788 245

280 895 361 961 sicut
376 917 433 983 pro
449 905 536 959 certo
551 894 686 960 relatum
707 906 766 977 est,
781 895 823 958 ad
837 893 1042 959 clementiam
1066 894 1237 979 archiepis-

278 1000 349 1085 copi
361 997 584 1083 confugissent,
597 998 657 1062 nisi
673 1019 727 1062 eos
745 1020 831 1084 saepe
846 998 1028 1062 nominatus
1042 997 1233 1063 Eboracens.

280 1102 464 1185 seduxisset,
486 1102 672 1168 dissuadens
694 1125 736 1167 ne
761 1100 840 1190 quid
867 1123 941 1186 rege
964 1100 1107 1165 facerent
1126 1101 1235 1165 incon-

279 1203 362 1269 sulto
375 1228 472 1292 quem
488 1217 658 1292 patronum
674 1205 854 1270 habuerant
867 1203 900 1268 in
923 1203 1072 1268 omnibus
1086 1203 1235 1289 operibus

279 1309 353 1374 suis.

324 1415 393 1479 Illis
422 1415 529 1501 iraque
563 1437 636 1479 curn
667 1413 886 1498 indignatione
924 1412 1166 1498 properantibus
1195 1413 1236 1476 ad

279 1517 445 1582 dominum
479 1539 598 1602 regem,
625 1528 731 1582 noster
761 1515 1016 1602 archiepiscopus
1046 1516 1087 1580 ad
1116 1538 1235 1580 novum

279 1640 389 1703 regern
399 1617 460 1682 iter
471 1618 612 1703 arripuit.
642 1617 752 1692 Quum
765 1638 837 1681 vero
849 1616 1031 1680 Londonias
1043 1616 1237 1701 pervenisset

280 1721 486 1786 denunciavit
507 1721 537 1785 ei
553 1743 608 1785 rex
623 1721 732 1806 junior
748 1743 788 1785 ne
808 1721 1062 1805 progrederetur,
1078 1742 1139 1784 nec
1160 1719 1237 1783 civi·

280 1837 362 1889 tates
379 1825 448 1908 ejus
470 1837 525 1888 aut
540 1824 669 1888 castella
690 1824 834 1899 intraret,
850 1823 905 1887 sed
929 1823 1085 1909 reciperet
1106 1845 1139 1888 se
1162 1844 1236 1886 cum

280 1926 344 1990 suis
358 1926 441 1991 inira
455 1927 611 1991 ambitum
627 1926 772 1991 ecclesiae
787 1949 864 2003 suae,
881 1938 914 1990 et
929 1926 992 1990 suis
1007 1926 1235 1990 denunciatum

281 2039 384 2091 estne
400 2028 490 2112 regni
505 2029 585 2093 fines
600 2039 725 2109 exeant,
740 2049 800 2092 nec
823 2027 979 2113 prodeant
994 2026 1027 2091 in
1050 2026 1233 2113 publicum:

280 2130 347 2211 sed,
356 2131 437 2195 sicut
451 2154 485 2195 se
500 2131 584 2217 ipsos
598 2130 748 2216 diligunt,
762 2143 895 2195 caveant
910 2129 980 2195 sibi.
1026 2130 1100 2205 Qua
1114 2130 1238 2194 denun-

279 2231 414 2298 ciatione
429 2233 604 2320 publicata,
620 2257 653 2298 se
669 2244 703 2297 et
717 2256 790 2298 suos
808 2233 991 2298 Cantuariae
1003 2234 1123 2318 recepit
1134 2233 1237 2297 archi-

279 2336 458 2421 episcopus,
474 2335 584 2422 ibique
607 2335 745 2400 salutare
762 2335 826 2400 Dei
843 2358 916 2400 cum
932 2335 1034 2400 multo
1054 2336 1236 2400 discrimine

277 2435 516 2522 praestolamur:
541 2458 645 2521 neque
655 2436 746 2500 nobis
763 2437 812 2500 via
823 2437 1044 2502 consolationis
1056 2437 1237 2504 autsocuri⁴

278 2535 353 2601 tatis
367 2535 429 2601 alia
444 2546 542 2621 patet,
559 2559 656 2623 quam
672 2548 707 2601 ut
722 2537 833 2603 vestris
847 2548 881 2603 et
891 2553 1070 2604 sanctorum
1087 2539 1238 2604 orationi·

278 2638 339 2703 bus
348 2639 520 2703 evadamus
529 2638 658 2703 insidias
667 2660 779 2703 eorum
792 2639 846 2724 qui
859 2651 1035 2705 nostrorum
1048 2642 1235 2724 sanguinem

279 2738 391 2805 sitiunt
406 2752 439 2805 et
453 2751 614 2826 quaerunt,
630 2753 666 2805 ut
681 2741 721 2805 de
738 2752 823 2823 terra
837 2742 965 2826 penitus
980 2742 1164 2819 evellamur,
1181 2754 1237 2806 aut

279 2842 393 2907 clerius
411 2866 579 2929 pereamus
605 2844 638 2908 in
661 2844 738 2930 ipsa.
785 2845 877 2911 Licet
900 2858 1008 2910 autem
1032 2845 1237 2931 persequutio

278 2946 462 3030 gravissima
477 2946 527 3027 sit,
543 2948 633 3011 etad
648 2946 921 3034 archiepiscopum
944 2971 1031 3013 rarus
1046 2949 1086 3012 de
1102 2971 1236 3012 numero

278 3046 413 3111 divitum
429 3046 479 3113 vel
491 3046 715 3112 honoratorum
729 3047 870 3113 visitator
879 3050 1023 3115 accedat:
1048 3051 1115 3136 ipse
1126 3061 1236 3114 tamen

279 3148 402 3212 cunctis
432 3148 473 3212 ad
504 3170 537 3212 se
567 3150 769 3215 venientibus
799 3153 973 3237 pontificali
1002 3154 1157 3238 gravitate
1182 3155 1236 3239 jus

279 3250 396 3331 reddit,
426 3251 558 3315 reducta
585 3274 711 3338 prorsus
741 3255 926 3340 acceptione
963 3280 1168 3342 personarum
1198 3280 1237 3322 ac

280 3372 461 3418 munerum.
485 3352 596 3416 Frater
605 3375 695 3417 meus
705 3355 746 3419 ad
755 3368 898 3420 nostrum
907 3356 1236 3446 Exoniensem,quem

279 3453 359 3517 mihi
382 3454 525 3519 nondum
556 3456 646 3521 licuit
676 3458 813 3541 visitare,
844 3460 1013 3545 proiectus,
1046 3462 1138 3527 lateri
1167 3464 1236 3546 ejus

278 3556 431 3635 adhaeret,
448 3558 481 3621 in
497 3558 611 3624 timore
626 3560 729 3626 multo
744 3572 778 3625 et
793 3562 864 3648 jugi
880 3563 1102 3628 sollicitudine.
1149 3563 1235 3626 Lon-

278 3680 356 3742 gum
379 3659 450 3737 erit,
475 3671 508 3724 et
534 3683 645 3727 vereor
670 3685 711 3726 ne
735 3663 870 3727 taedium
892 3679 1036 3747 generet,
1054 3663 1080 3726 si
1103 3674 1235 3726 cunctas

278 3763 439 3847 angustias
459 3778 580 3829 nostras
595 3787 722 3850 coepero
745 3766 916 3851 replicare3
946 3765 1002 3828 sed
1024 3786 1098 3850 quae
1120 3764 1236 3829 desunt

278 3864 432 3950 epistolae,
449 3866 682 3953 supplebuntur
704 3868 806 3933 officio
826 3868 997 3955 portitoris.
1045 3867 1094 3931 Sit
1115 3866 1234 3953 itaque,

278 3967 305 4030 si
320 3967 435 4052 placet,
450 3968 660 4034 miserationis
675 3984 789 4034 vestrae
807 3970 977 4035 sollicitere
992 3982 1136 4035 sanctum
1153 3970 1236 4054 prio-

280 4090 349 4131 rem
364 4080 397 4132 ct
411 4069 528 4133 amicos
544 4070 663 4136 Christi
679 4071 720 4136 de
736 4085 845 4136 monte
861 4073 925 4136 Dei
941 4084 974 4136 et
989 4072 1070 4136 valle
1088 4074 1121 4137 S.
1137 4072 1236 4151 Petri,

280 4180 313 4233 et
322 4168 455 4233 abbates
464 4185 644 4238 sanctorum
653 4174 773 4239 Nicasii
783 4188 816 4239 et
827 4174 976 4259 Crispini,
985 4188 1018 4239 et
1027 4175 1237 4239 aliossanctos

282 4270 453 4336 familiares
473 4286 602 4354 vestros,
626 4289 784 4361 quatenus
810 4275 901 4339 nobis
923 4276 1008 4360 apud
1035 4276 1236 4340 Altissimum

281 4374 504 4461 suffragentur,
527 4389 694 4442 uteorum
718 4376 839 4443 meritis
862 4375 1030 4442 salubriter
1051 4378 1235 4459 liberemur,
