3034 5200
295 701 356 758 150
556 708 988 754 Jonsx1ssaunsnnu1aus1s
1153 691 1199 768 [A.
1219 709 1250 752 o.

325 948 546 1013 EPISTOLA
574 948 846 1011 CCXLlX.—sn
867 964 1074 1007 nmnursun
1098 963 1220 1007 aucur-

431 1067 607 1110 nrncosun
624 1065 855 1110 sxourmsssn.
903 1045 948 1124 [a.
964 1065 995 1107 n.
1017 1043 1125 1125 llus]

492 1199 583 1261 Idem
602 1199 790 1260 Buldcwino
803 1197 1048 1259 archidiacono.

338 1335 423 1395 Ersr
435 1329 576 1415 parvitas
587 1352 658 1392 mea
668 1329 709 1392 ad
721 1329 836 1412 dignas
850 1328 1027 1413 gratiarum
1039 1349 1104 1391 non
1114 1327 1250 1392 sufficiat

295 1433 445 1512 actiones,
465 1431 606 1516 opinioni
629 1444 736 1496 tamen
760 1430 986 1516 praejudicium
1010 1431 1135 1508 faciam,
1158 1430 1184 1494 si
1209 1430 1251 1494 de

295 1535 522 1600 taciturnitatis
534 1534 647 1598 merito
660 1547 873 1620 praesumatur
885 1555 935 1596 me
946 1532 1171 1597 beneficiorum
1187 1556 1253 1596 esse

295 1638 521 1713 immemorem,
543 1651 574 1700 et
598 1636 699 1700 ricem
724 1634 882 1698 referendi
908 1636 942 1698 in
967 1635 1077 1699 officiis
1101 1635 1250 1700 amicitiae

292 1738 399 1802 deesse
427 1738 632 1801 voluntatem.
680 1737 748 1800 Ubi
775 1759 852 1818 ergo
881 1736 1018 1802 facultas
1043 1737 1250 1823 suspenditur

294 1839 478 1915 voluntatis,
495 1860 553 1924 par
574 1853 634 1915 est,
650 1851 687 1902 ut
710 1839 857 1902 voluntas
877 1840 1038 1905 cumulata
1057 1843 1202 1918 caritate,
1216 1854 1248 1903 et

293 1938 398 2023 gratia
412 1936 559 2023 suppleat
574 1936 719 2000 inhibitae
734 1937 899 2003 facultatis
920 1937 1065 2004 officium.
1114 1939 1147 2000 Si
1162 1941 1247 2002 euim

293 2063 405 2104 verum
427 2052 474 2102 est
497 2037 585 2124 quod
607 2038 685 2102 nulli
709 2039 845 2104 dubium
867 2055 915 2104 est
937 2063 1047 2103 verum
1069 2062 1148 2116 esse,
1168 2042 1248 2125 quia

294 2143 411 2207 totiens
425 2141 548 2226 experti
561 2162 673 2204 sumus
685 2140 779 2205 fidem
792 2142 969 2206 habendam
982 2164 1048 2204 esse
1059 2142 1244 2227 proverbio:

397 2259 514 2310 Nitimm
525 2259 553 2309 in
564 2258 673 2310 vetitum
686 2276 797 2330 semper,
810 2261 974 2333 cupimusque
984 2265 1117 2327 negatum,

290 2361 498 2450 probabiliter
512 2361 624 2446 conjici
644 2367 763 2448 poterit
780 2387 830 2427 me
852 2387 917 2449 quo
931 2362 1030 2449 magis
1049 2362 1195 2426 inhibeor
1210 2378 1243 2429 et

291 2489 399 2530 arceor
414 2464 455 2528 ab
469 2463 588 2540 amicis,
601 2488 639 2528 ec
653 2467 791 2550 amplius
804 2465 847 2530 ad
862 2467 1010 2531 amicitiae
1018 2465 1120 2531 officia
1134 2489 1247 2553 repen-

292 2568 406 2644 denda,
422 2581 454 2633 et
470 2567 633 2632 ardentius
648 2568 784 2633 incitari.
832 2570 865 2633 Si
881 2571 958 2635 mibi
977 2593 1040 2635 nou
1056 2571 1159 2636 credis
1173 2593 1246 2635 cou-

293 2672 361 2737 sule
383 2687 555 2737 amatores:
588 2686 632 2751 et,
652 2672 678 2735 si
703 2672 844 2758 perfecte
867 2672 915 2736 vis
938 2674 1066 2753 instrui,
1086 2674 1172 2737 disce
1198 2674 1247 2737 vel

293 2797 378 2840 nunc
390 2775 476 2861 quod
495 2788 526 2839 te
537 2774 690 2840 hactenus
705 2773 844 2838 arbitror
854 2774 1010 2859 ignorare.
1041 2779 1088 2841 Te
1102 2776 1249 2841 mulieres

292 2877 474 2941 fidelissime
495 2863 714 2963 perdocebunt
734 2888 852 2960 quanta
870 2877 934 2941 sint
957 2878 1110 2964 prohibiti
1133 2879 1248 2943 amoris

291 2978 445 3044 incendia.
491 2982 548 3058 Et,
563 2980 588 3042 si
611 2978 716 3044 adbuc
738 2977 914 3063 perfectius
936 2980 1098 3044 desideras
1116 2981 1247 3059 erudiri,

290 3090 322 3143 te
348 3080 403 3143 tibi
431 3079 589 3144 commissi
618 3080 730 3143 docere
760 3092 911 3164 poterunt
939 3082 1125 3149 sacerdotes.
1172 3086 1246 3167 Ago

290 3200 367 3262 ergo
382 3179 549 3243 devotione
571 3203 646 3266 quae
666 3180 807 3245 cobiberi
830 3204 891 3246 non
912 3196 1018 3269 potest
1038 3185 1246 3270 amplissimas

291 3279 421 3364 gratias,
437 3292 542 3343 certus
562 3280 648 3365 quod
665 3281 721 3367 qui
741 3282 872 3347 calicem
886 3307 981 3371 aquae
1001 3284 1129 3369 frigidae
1144 3309 1247 3351 remu-

289 3393 378 3443 nerat
401 3380 541 3463 praemiis
566 3381 775 3466 sempiternis,
802 3399 834 3450 et
860 3385 912 3450 hic
938 3386 997 3451 tibi
1021 3387 1119 3471 juxta
1148 3387 1243 3449 fidem

290 3479 444 3567 evangelii
456 3480 641 3566 centuplum
653 3483 776 3565 reddet,
787 3499 819 3550 et
830 3486 862 3550 in
874 3488 985 3552 futuro
995 3486 1123 3573 pietatis
1133 3486 1246 3551 merita

289 3583 463 3648 coronabit.
508 3584 554 3647 Et
580 3584 709 3670 quidem
736 3611 807 3673 spes
829 3602 876 3653 est
900 3588 987 3675 quod
1011 3588 1149 3674 procella
1170 3611 1244 3674 quae

290 3687 402 3750 tandiu
417 3687 532 3752 collisit
553 3687 725 3765 ecclesiam,
743 3690 941 3755 serenabitur
955 3698 988 3755 in
1004 3690 1108 3755 brevi:
1141 3705 1174 3757 et
1190 3690 1247 3777 qui

289 3808 357 3849 eam
374 3788 586 3853 turbaverunt
602 3790 643 3855 ab
658 3791 808 3875 aquilone
819 3805 851 3856 et
867 3792 1041 3869 occidente,
1053 3793 1122 3878 jam
1138 3792 1245 3857 viden-

289 3899 343 3952 tur
360 3888 393 3950 in
417 3887 500 3952 illius
520 3890 645 3973 judicio
667 3892 830 3956 conveniri
852 3893 907 3978 qui
930 3907 1075 3978 potentes
1096 3906 1242 3979 potenter

288 3988 392 4072 punit,
415 4000 446 4053 et
470 3989 575 4052 aufert
606 3993 754 4075 spiritum
782 3991 974 4078 principum.
1019 3994 1095 4054 Jam
1120 3991 1177 4076 qui
1203 3991 1244 4055 ab

292 4090 387 4154 Italia
398 4089 565 4177 proscripti
577 4090 704 4157 fueraut
720 4093 900 4156 redierunt:
917 4091 1136 4155 schismaticus
1150 4114 1247 4156 exau-

291 4204 404 4271 gustus
420 4192 559 4277 turpiter
570 4203 601 4254 et
618 4190 825 4273 ignominiose
839 4190 1058 4275 perturbatus
1068 4190 1200 4277 fugatus
1215 4207 1246 4259 et

287 4289 435 4355 exclusus
457 4305 538 4356 esta
562 4292 767 4369 Lumbardis,
783 4290 814 4354 in
831 4289 967 4354 transitu
983 4312 1072 4356 suam
1095 4296 1241 4359 turbavit
