<?xml version="1.0" encoding="UTF-8"?>
<!DOCTYPE html PUBLIC "-//W3C//DTD XHTML 1.0 Transitional//EN"
    "http://www.w3.org/TR/xhtml1/DTD/xhtml1-transitional.dtd">
<html xmlns="http://www.w3.org/1999/xhtml" xml:lang="en" lang="en">
 <head>
  <title>
</title>
<meta http-equiv="Content-Type" content="text/html;charset=utf-8" />
  <meta name='ocr-system' content='tesseract 3.04.00' />
  <meta name='ocr-capabilities' content='ocr_page ocr_carea ocr_par ocr_line ocrx_word'/>
</head>
<body>
  <div class='ocr_page' id='page_1' title='image "./joannissaresber11johngoog_0040.png"; bbox 0 0 3034 5200; ppageno 0'>
   <div class='ocr_carea' id='block_1_1' title="bbox 284 705 1232 783">
    <p class='ocr_par' dir='ltr' id='par_1_1' title="bbox 284 705 1232 783">
     <span class='ocr_line' id='line_1_1' title="bbox 284 705 1232 783; baseline -0.004 -17"><span class='ocrx_word' id='word_1_1' title='bbox 284 705 395 783; x_wconf 63' lang='lat' dir='ltr'><strong>tlon]</strong></span> <span class='ocrx_word' id='word_1_2' title='bbox 669 719 854 782; x_wconf 28' lang='lat' dir='ltr'><strong>tersione..</strong></span> <span class='ocrx_word' id='word_1_3' title='bbox 1191 705 1232 763; x_wconf 72' lang='lat'><strong>28</strong></span> 
     </span>
    </p>
   </div>
   <div class='ocr_carea' id='block_1_2' title="bbox 278 871 1236 2468">
    <p class='ocr_par' dir='ltr' id='par_1_2' title="bbox 278 871 1236 2468">
     <span class='ocr_line' id='line_1_2' title="bbox 278 871 1232 956; baseline -0.005 -19"><span class='ocrx_word' id='word_1_4' title='bbox 278 875 339 937; x_wconf 91' lang='lat' dir='ltr'><strong>bus</strong></span> <span class='ocrx_word' id='word_1_5' title='bbox 354 874 429 949; x_wconf 88' lang='lat' dir='ltr'><strong>suis,</strong></span> <span class='ocrx_word' id='word_1_6' title='bbox 443 893 485 935; x_wconf 89' lang='lat' dir='ltr'><strong>ue</strong></span> <span class='ocrx_word' id='word_1_7' title='bbox 500 872 533 935; x_wconf 90' lang='lat' dir='ltr'><strong>iu</strong></span> <span class='ocrx_word' id='word_1_8' title='bbox 548 873 692 956; x_wconf 87' lang='lat' dir='ltr'><strong>partibus</strong></span> <span class='ocrx_word' id='word_1_9' title='bbox 706 871 770 934; x_wconf 86' lang='lat' dir='ltr'><strong>illis</strong></span> <span class='ocrx_word' id='word_1_10' title='bbox 783 872 897 953; x_wconf 80' lang='lat' dir='ltr'><strong>pluant</strong></span> <span class='ocrx_word' id='word_1_11' title='bbox 911 872 1063 935; x_wconf 81' lang='lat' dir='ltr'><strong>imbrem:</strong></span> <span class='ocrx_word' id='word_1_12' title='bbox 1093 884 1126 934; x_wconf 90' lang='lat' dir='ltr'><strong>et</strong></span> <span class='ocrx_word' id='word_1_13' title='bbox 1148 872 1232 934; x_wconf 91' lang='lat' dir='ltr'><strong>tuin</strong></span> 
     </span>
     <span class='ocr_line' id='line_1_3' title="bbox 280 971 1234 1055; baseline -0.001 -19"><span class='ocrx_word' id='word_1_14' title='bbox 280 973 400 1037; x_wconf 87' lang='lat' dir='ltr'><strong>eisdem</strong></span> <span class='ocrx_word' id='word_1_15' title='bbox 415 995 481 1037; x_wconf 92' lang='lat' dir='ltr'><strong>nou</strong></span> <span class='ocrx_word' id='word_1_16' title='bbox 502 996 538 1037; x_wconf 88' lang='lat' dir='ltr'><strong>es</strong></span> <span class='ocrx_word' id='word_1_17' title='bbox 551 975 668 1036; x_wconf 85' lang='lat' dir='ltr'><strong>veritus</strong></span> <span class='ocrx_word' id='word_1_18' title='bbox 690 972 731 1035; x_wconf 90' lang='lat' dir='ltr'><strong>ad</strong></span> <span class='ocrx_word' id='word_1_19' title='bbox 751 971 950 1035; x_wconf 76' lang='lat' dir='ltr'><strong>stillicidium</strong></span> <span class='ocrx_word' id='word_1_20' title='bbox 972 973 1090 1037; x_wconf 71' lang='lat' dir='ltr'><strong>divinae</strong></span> <span class='ocrx_word' id='word_1_21' title='bbox 1112 973 1234 1055; x_wconf 72' lang='lat' dir='ltr'><strong>gratis,</strong></span> 
     </span>
     <span class='ocr_line' id='line_1_4' title="bbox 279 1073 1230 1157; baseline -0.001 -21"><span class='ocrx_word' id='word_1_22' title='bbox 279 1075 455 1156; x_wconf 85' lang='lat' dir='ltr'><strong>germinare</strong></span> <span class='ocrx_word' id='word_1_23' title='bbox 480 1074 602 1138; x_wconf 85' lang='lat' dir='ltr'><strong>fructus</strong></span> <span class='ocrx_word' id='word_1_24' title='bbox 623 1073 849 1137; x_wconf 69' lang='lat' dir='ltr'><strong>misericordiae</strong></span> <span class='ocrx_word' id='word_1_25' title='bbox 871 1084 905 1138; x_wconf 93' lang='lat' dir='ltr'><strong>et</strong></span> <span class='ocrx_word' id='word_1_26' title='bbox 926 1095 1024 1157; x_wconf 84' lang='lat' dir='ltr'><strong>opera</strong></span> <span class='ocrx_word' id='word_1_27' title='bbox 1045 1074 1230 1138; x_wconf 79' lang='lat' dir='ltr'><strong>salvatoris.</strong></span> 
     </span>
     <span class='ocr_line' id='line_1_5' title="bbox 278 1173 1233 1258; baseline -0.003 -18"><span class='ocrx_word' id='word_1_28' title='bbox 278 1175 486 1240; x_wconf 78' lang='lat' dir='ltr'><strong>credideram</strong></span> <span class='ocrx_word' id='word_1_29' title='bbox 501 1176 646 1258; x_wconf 82' lang='lat' dir='ltr'><strong>profecto</strong></span> <span class='ocrx_word' id='word_1_30' title='bbox 669 1185 701 1237; x_wconf 90' lang='lat' dir='ltr'><strong>te</strong></span> <span class='ocrx_word' id='word_1_31' title='bbox 714 1173 972 1257; x_wconf 74' lang='lat' dir='ltr'><strong>philosophantis</strong></span> <span class='ocrx_word' id='word_1_32' title='bbox 991 1176 1110 1239; x_wconf 83' lang='lat' dir='ltr'><strong>habere</strong></span> <span class='ocrx_word' id='word_1_33' title='bbox 1125 1176 1233 1251; x_wconf 77' lang='lat' dir='ltr'><strong>verba,</strong></span> 
     </span>
     <span class='ocr_line' id='line_1_6' title="bbox 278 1275 1233 1360; baseline 0 -20"><span class='ocrx_word' id='word_1_34' title='bbox 278 1298 344 1340; x_wconf 91' lang='lat' dir='ltr'><strong>non</strong></span> <span class='ocrx_word' id='word_1_35' title='bbox 370 1277 530 1340; x_wconf 84' lang='lat' dir='ltr'><strong>animum:</strong></span> <span class='ocrx_word' id='word_1_36' title='bbox 560 1276 617 1338; x_wconf 88' lang='lat' dir='ltr'><strong>sed</strong></span> <span class='ocrx_word' id='word_1_37' title='bbox 642 1295 731 1338; x_wconf 85' lang='lat' dir='ltr'><strong>nunc</strong></span> <span class='ocrx_word' id='word_1_38' title='bbox 756 1275 865 1337; x_wconf 88' lang='lat' dir='ltr'><strong>recolo</strong></span> <span class='ocrx_word' id='word_1_39' title='bbox 889 1287 920 1338; x_wconf 90' lang='lat' dir='ltr'><strong>te</strong></span> <span class='ocrx_word' id='word_1_40' title='bbox 942 1277 1144 1360; x_wconf 83' lang='lat' dir='ltr'><strong>aliquatenus</strong></span> <span class='ocrx_word' id='word_1_41' title='bbox 1162 1297 1233 1340; x_wconf 86' lang='lat' dir='ltr'><strong>esse</strong></span> 
     </span>
     <span class='ocr_line' id='line_1_7' title="bbox 280 1376 1234 1460; baseline -0.001 -19"><span class='ocrx_word' id='word_1_42' title='bbox 280 1378 389 1459; x_wconf 84' lang='lat' dir='ltr'><strong>magni</strong></span> <span class='ocrx_word' id='word_1_43' title='bbox 401 1378 598 1460; x_wconf 89' lang='lat' dir='ltr'><strong>discipulum</strong></span> <span class='ocrx_word' id='word_1_44' title='bbox 611 1376 776 1458; x_wconf 80' lang='lat' dir='ltr'><strong>Aristippi,</strong></span> <span class='ocrx_word' id='word_1_45' title='bbox 787 1376 842 1458; x_wconf 93' lang='lat' dir='ltr'><strong>qui</strong></span> <span class='ocrx_word' id='word_1_46' title='bbox 857 1377 946 1438; x_wconf 91' lang='lat' dir='ltr'><strong>omui</strong></span> <span class='ocrx_word' id='word_1_47' title='bbox 956 1377 1140 1440; x_wconf 85' lang='lat' dir='ltr'><strong>conditione</strong></span> <span class='ocrx_word' id='word_1_48' title='bbox 1154 1386 1234 1440; x_wconf 86' lang='lat' dir='ltr'><strong>tem-</strong></span> 
     </span>
     <span class='ocr_line' id='line_1_8' title="bbox 282 1477 1235 1562; baseline 0 -21"><span class='ocrx_word' id='word_1_49' title='bbox 282 1478 600 1562; x_wconf 82' lang='lat' dir='ltr'><strong>porisaequauimiter</strong></span> <span class='ocrx_word' id='word_1_50' title='bbox 607 1477 766 1550; x_wconf 88' lang='lat' dir='ltr'><strong>utebatur,</strong></span> <span class='ocrx_word' id='word_1_51' title='bbox 775 1488 809 1539; x_wconf 91' lang='lat' dir='ltr'><strong>et</strong></span> <span class='ocrx_word' id='word_1_52' title='bbox 816 1477 850 1538; x_wconf 91' lang='lat' dir='ltr'><strong>in</strong></span> <span class='ocrx_word' id='word_1_53' title='bbox 861 1477 942 1559; x_wconf 83' lang='lat' dir='ltr'><strong>ipsis</strong></span> <span class='ocrx_word' id='word_1_54' title='bbox 950 1478 1235 1561; x_wconf 81' lang='lat' dir='ltr'><strong>philosophabatur</strong></span> 
     </span>
     <span class='ocr_line' id='line_1_9' title="bbox 283 1576 1234 1660; baseline 0 -20"><span class='ocrx_word' id='word_1_55' title='bbox 283 1579 390 1658; x_wconf 82' lang='lat' dir='ltr'><strong>nugis,</strong></span> <span class='ocrx_word' id='word_1_56' title='bbox 401 1577 566 1660; x_wconf 84' lang='lat' dir='ltr'><strong>jucundus</strong></span> <span class='ocrx_word' id='word_1_57' title='bbox 576 1578 735 1650; x_wconf 89' lang='lat' dir='ltr'><strong>omnibus,</strong></span> <span class='ocrx_word' id='word_1_58' title='bbox 747 1577 829 1638; x_wconf 90' lang='lat' dir='ltr'><strong>nulli</strong></span> <span class='ocrx_word' id='word_1_59' title='bbox 844 1577 966 1656; x_wconf 85' lang='lat' dir='ltr'><strong>gravis:</strong></span> <span class='ocrx_word' id='word_1_60' title='bbox 989 1577 1047 1660; x_wconf 90' lang='lat' dir='ltr'><strong>qui</strong></span> <span class='ocrx_word' id='word_1_61' title='bbox 1060 1576 1234 1659; x_wconf 83' lang='lat' dir='ltr'><strong>aliquando</strong></span> 
     </span>
     <span class='ocr_line' id='line_1_10' title="bbox 285 1675 1236 1762; baseline 0.001 -23"><span class='ocrx_word' id='word_1_62' title='bbox 285 1678 497 1757; x_wconf 85' lang='lat' dir='ltr'><strong>interrogatus</strong></span> <span class='ocrx_word' id='word_1_63' title='bbox 522 1677 601 1762; x_wconf 91' lang='lat' dir='ltr'><strong>quid</strong></span> <span class='ocrx_word' id='word_1_64' title='bbox 625 1678 653 1740; x_wconf 91' lang='lat' dir='ltr'><strong>ei</strong></span> <span class='ocrx_word' id='word_1_65' title='bbox 678 1676 883 1760; x_wconf 90' lang='lat' dir='ltr'><strong>philosophia</strong></span> <span class='ocrx_word' id='word_1_66' title='bbox 909 1676 1092 1753; x_wconf 90' lang='lat' dir='ltr'><strong>contulerit,</strong></span> <span class='ocrx_word' id='word_1_67' title='bbox 1118 1675 1236 1740; x_wconf 86' lang='lat' dir='ltr'><strong>dicitnr</strong></span> 
     </span>
     <span class='ocr_line' id='line_1_11' title="bbox 286 1777 1235 1861; baseline 0.001 -20"><span class='ocrx_word' id='word_1_68' title='bbox 286 1779 500 1861; x_wconf 86' lang='lat' dir='ltr'><strong>respondisse,</strong></span> <span class='ocrx_word' id='word_1_69' title='bbox 515 1781 594 1842; x_wconf 89' lang='lat' dir='ltr'><strong>“Ut</strong></span> <span class='ocrx_word' id='word_1_70' title='bbox 614 1799 688 1842; x_wconf 94' lang='lat' dir='ltr'><strong>cum</strong></span> <span class='ocrx_word' id='word_1_71' title='bbox 707 1779 858 1840; x_wconf 91' lang='lat' dir='ltr'><strong>omnibus</strong></span> <span class='ocrx_word' id='word_1_72' title='bbox 876 1777 1061 1840; x_wconf 91' lang='lat' dir='ltr'><strong>hominibus</strong></span> <span class='ocrx_word' id='word_1_73' title='bbox 1078 1777 1235 1861; x_wconf 86' lang='lat' dir='ltr'><strong>intrepide</strong></span> 
     </span>
     <span class='ocr_line' id='line_1_12' title="bbox 284 1879 1236 1962; baseline -0.001 -20"><span class='ocrx_word' id='word_1_74' title='bbox 284 1880 468 1942; x_wconf 86' lang='lat' dir='ltr'><strong>fabularer.’&#39;</strong></span> <span class='ocrx_word' id='word_1_75' title='bbox 509 1881 583 1962; x_wconf 80' lang='lat' dir='ltr'><strong>Ego</strong></span> <span class='ocrx_word' id='word_1_76' title='bbox 612 1879 792 1942; x_wconf 71' lang='lat' dir='ltr'><strong>decaetero</strong></span> <span class='ocrx_word' id='word_1_77' title='bbox 820 1880 855 1941; x_wconf 93' lang='lat' dir='ltr'><strong>in</strong></span> <span class='ocrx_word' id='word_1_78' title='bbox 884 1891 916 1941; x_wconf 92' lang='lat' dir='ltr'><strong>te</strong></span> <span class='ocrx_word' id='word_1_79' title='bbox 938 1879 1081 1942; x_wconf 88' lang='lat' dir='ltr'><strong>securius</strong></span> <span class='ocrx_word' id='word_1_80' title='bbox 1102 1879 1236 1942; x_wconf 84' lang='lat' dir='ltr'><strong>arbitror</strong></span> 
     </span>
     <span class='ocr_line' id='line_1_13' title="bbox 283 1979 1236 2064; baseline 0.001 -20"><span class='ocrx_word' id='word_1_81' title='bbox 283 1979 521 2060; x_wconf 85' lang='lat' dir='ltr'><strong>confidendum,</strong></span> <span class='ocrx_word' id='word_1_82' title='bbox 530 1982 608 2064; x_wconf 90' lang='lat' dir='ltr'><strong>quia</strong></span> <span class='ocrx_word' id='word_1_83' title='bbox 621 2002 688 2044; x_wconf 90' lang='lat' dir='ltr'><strong>uon</strong></span> <span class='ocrx_word' id='word_1_84' title='bbox 703 1979 824 2042; x_wconf 86' lang='lat' dir='ltr'><strong>diffidis</strong></span> <span class='ocrx_word' id='word_1_85' title='bbox 839 1980 881 2043; x_wconf 91' lang='lat' dir='ltr'><strong>de</strong></span> <span class='ocrx_word' id='word_1_86' title='bbox 895 2001 995 2061; x_wconf 84' lang='lat' dir='ltr'><strong>regno</strong></span> <span class='ocrx_word' id='word_1_87' title='bbox 1006 1980 1137 2043; x_wconf 87' lang='lat' dir='ltr'><strong>Christi.</strong></span> <span class='ocrx_word' id='word_1_88' title='bbox 1162 1983 1236 2053; x_wconf 84' lang='lat' dir='ltr'><strong>Qua</strong></span> 
     </span>
     <span class='ocr_line' id='line_1_14' title="bbox 285 2081 1235 2165; baseline -0.001 -19"><span class='ocrx_word' id='word_1_89' title='bbox 285 2102 342 2164; x_wconf 89' lang='lat' dir='ltr'><strong>spe</strong></span> <span class='ocrx_word' id='word_1_90' title='bbox 357 2104 446 2164; x_wconf 81' lang='lat' dir='ltr'><strong>rogo,</strong></span> <span class='ocrx_word' id='word_1_91' title='bbox 456 2090 503 2161; x_wconf 90' lang='lat' dir='ltr'><strong>ut,</strong></span> <span class='ocrx_word' id='word_1_92' title='bbox 513 2085 598 2146; x_wconf 91' lang='lat' dir='ltr'><strong>sicut</strong></span> <span class='ocrx_word' id='word_1_93' title='bbox 612 2081 750 2165; x_wconf 72' lang='lat' dir='ltr'><strong>coepisti,</strong></span> <span class='ocrx_word' id='word_1_94' title='bbox 761 2082 854 2144; x_wconf 90' lang='lat' dir='ltr'><strong>latori</strong></span> <span class='ocrx_word' id='word_1_95' title='bbox 868 2081 1083 2165; x_wconf 67' lang='lat' dir='ltr'><strong>praesentium,</strong></span> <span class='ocrx_word' id='word_1_96' title='bbox 1092 2094 1235 2145; x_wconf 90' lang='lat' dir='ltr'><strong>contem·</strong></span> 
     </span>
     <span class='ocr_line' id='line_1_15' title="bbox 283 2179 1236 2267; baseline 0.001 -21"><span class='ocrx_word' id='word_1_97' title='bbox 283 2184 423 2267; x_wconf 82' lang='lat' dir='ltr'><strong>plutione</strong></span> <span class='ocrx_word' id='word_1_98' title='bbox 438 2183 502 2246; x_wconf 91' lang='lat' dir='ltr'><strong>Dei</strong></span> <span class='ocrx_word' id='word_1_99' title='bbox 518 2194 550 2247; x_wconf 89' lang='lat' dir='ltr'><strong>et</strong></span> <span class='ocrx_word' id='word_1_100' title='bbox 564 2183 710 2266; x_wconf 89' lang='lat' dir='ltr'><strong>obsequii</strong></span> <span class='ocrx_word' id='word_1_101' title='bbox 725 2182 806 2265; x_wconf 86' lang='lat' dir='ltr'><strong>ejus,</strong></span> <span class='ocrx_word' id='word_1_102' title='bbox 814 2183 847 2244; x_wconf 92' lang='lat' dir='ltr'><strong>in</strong></span> <span class='ocrx_word' id='word_1_103' title='bbox 862 2179 1154 2266; x_wconf 84' lang='lat' dir='ltr'><strong>opportunitatibus</strong></span> <span class='ocrx_word' id='word_1_104' title='bbox 1168 2184 1236 2247; x_wconf 93' lang='lat' dir='ltr'><strong>suis</strong></span> 
     </span>
     <span class='ocr_line' id='line_1_16' title="bbox 285 2281 1235 2368; baseline 0.005 -25"><span class='ocrx_word' id='word_1_105' title='bbox 285 2281 397 2344; x_wconf 88' lang='lat' dir='ltr'><strong>adesse</strong></span> <span class='ocrx_word' id='word_1_106' title='bbox 418 2283 611 2359; x_wconf 83' lang='lat' dir='ltr'><strong>meminoris,</strong></span> <span class='ocrx_word' id='word_1_107' title='bbox 631 2293 738 2345; x_wconf 85' lang='lat' dir='ltr'><strong>certus</strong></span> <span class='ocrx_word' id='word_1_108' title='bbox 761 2282 849 2365; x_wconf 89' lang='lat' dir='ltr'><strong>qnod</strong></span> <span class='ocrx_word' id='word_1_109' title='bbox 870 2284 898 2345; x_wconf 90' lang='lat' dir='ltr'><strong>si</strong></span> <span class='ocrx_word' id='word_1_110' title='bbox 919 2283 949 2346; x_wconf 91' lang='lat' dir='ltr'><strong>ei</strong></span> <span class='ocrx_word' id='word_1_111' title='bbox 972 2292 1098 2347; x_wconf 89' lang='lat' dir='ltr'><strong>tantum</strong></span> <span class='ocrx_word' id='word_1_112' title='bbox 1126 2286 1235 2368; x_wconf 87' lang='lat' dir='ltr'><strong>place·</strong></span> 
     </span>
     <span class='ocr_line' id='line_1_17' title="bbox 285 2381 1236 2468; baseline 0.003 -26"><span class='ocrx_word' id='word_1_113' title='bbox 285 2391 356 2445; x_wconf 88' lang='lat' dir='ltr'><strong>rent</strong></span> <span class='ocrx_word' id='word_1_114' title='bbox 369 2381 469 2444; x_wconf 89' lang='lat' dir='ltr'><strong>literae</strong></span> <span class='ocrx_word' id='word_1_115' title='bbox 484 2383 664 2459; x_wconf 88' lang='lat' dir='ltr'><strong>nobiscum,</strong></span> <span class='ocrx_word' id='word_1_116' title='bbox 680 2392 834 2468; x_wconf 86' lang='lat' dir='ltr'><strong>quantum</strong></span> <span class='ocrx_word' id='word_1_117' title='bbox 848 2403 924 2446; x_wconf 89' lang='lat' dir='ltr'><strong>aves</strong></span> <span class='ocrx_word' id='word_1_118' title='bbox 946 2395 978 2446; x_wconf 95' lang='lat' dir='ltr'><strong>et</strong></span> <span class='ocrx_word' id='word_1_119' title='bbox 992 2384 1128 2446; x_wconf 68' lang='lat' dir='ltr'><strong>cumules</strong></span> <span class='ocrx_word' id='word_1_120' title='bbox 1141 2404 1236 2465; x_wconf 73' lang='lat' dir='ltr'><strong>nugae</strong></span> 
     </span>
    </p>
   </div>
   <div class='ocr_carea' id='block_1_3' title="bbox 286 2482 1235 2646">
    <p class='ocr_par' dir='ltr' id='par_1_3' title="bbox 286 2482 1235 2646">
     <span class='ocr_line' id='line_1_18' title="bbox 286 2482 1235 2559; baseline 0.003 -15"><span class='ocrx_word' id='word_1_121' title='bbox 286 2493 406 2559; x_wconf 89' lang='lat' dir='ltr'><strong>tecum,</strong></span> <span class='ocrx_word' id='word_1_122' title='bbox 421 2482 450 2544; x_wconf 88' lang='lat' dir='ltr'><strong>ei</strong></span> <span class='ocrx_word' id='word_1_123' title='bbox 465 2482 573 2546; x_wconf 88' lang='lat' dir='ltr'><strong>omnia</strong></span> <span class='ocrx_word' id='word_1_124' title='bbox 591 2483 772 2546; x_wconf 85' lang='lat' dir='ltr'><strong>necessaria</strong></span> <span class='ocrx_word' id='word_1_125' title='bbox 785 2483 997 2548; x_wconf 89' lang='lat' dir='ltr'><strong>libentissime</strong></span> <span class='ocrx_word' id='word_1_126' title='bbox 1014 2485 1235 2549; x_wconf 87' lang='lat' dir='ltr'><strong>ministrarem.</strong></span> 
     </span>
     <span class='ocr_line' id='line_1_19' title="bbox 290 2581 380 2646; baseline -0.011 -1"><span class='ocrx_word' id='word_1_127' title='bbox 290 2581 380 2646; x_wconf 86' lang='lat' dir='ltr'><strong>Vale.</strong></span> 
     </span>
    </p>
   </div>
   <div class='ocr_carea' id='block_1_4' title="bbox 287 2838 1238 3024">
    <p class='ocr_par' dir='ltr' id='par_1_4' title="bbox 287 2838 1238 3024">
     <span class='ocr_line' id='line_1_20' title="bbox 287 2838 1238 2922; baseline 0.007 -21"><span class='ocrx_word' id='word_1_128' title='bbox 287 2838 506 2922; x_wconf 83' lang='lat' dir='ltr'><strong>EPISTOLA</strong></span> <span class='ocrx_word' id='word_1_129' title='bbox 527 2840 785 2907; x_wconf 72' lang='lat' dir='ltr'><strong>oxum-m</strong></span> <span class='ocrx_word' id='word_1_130' title='bbox 795 2860 876 2906; x_wconf 76' lang='lat' dir='ltr'><strong>uuo.</strong></span> <span class='ocrx_word' id='word_1_131' title='bbox 888 2860 1238 2908; x_wconf 75' lang='lat' dir='ltr'><strong>ermnuurucetm.</strong></span> 
     </span>
     <span class='ocr_line' id='line_1_21' title="bbox 657 2942 877 3024; baseline 0.014 -19"><span class='ocrx_word' id='word_1_132' title='bbox 657 2942 745 3023; x_wconf 61' lang='lat' dir='ltr'><strong>[nn.</strong></span> <span class='ocrx_word' id='word_1_133' title='bbox 765 2943 877 3024; x_wconf 78' lang='lat' dir='ltr'><strong>nou]</strong></span> 
     </span>
    </p>
   </div>
   <div class='ocr_carea' id='block_1_5' title="bbox 289 3073 1247 4282">
    <p class='ocr_par' dir='ltr' id='par_1_5' title="bbox 524 3073 998 3154">
     <span class='ocr_line' id='line_1_22' title="bbox 524 3073 998 3154; baseline 0.015 -19"><span class='ocrx_word' id='word_1_134' title='bbox 524 3073 690 3154; x_wconf 75' lang='lat' dir='ltr'><strong>Magistro</strong></span> <span class='ocrx_word' id='word_1_135' title='bbox 707 3076 847 3139; x_wconf 77' lang='lat' dir='ltr'><strong>Gimrrlo</strong></span> <span class='ocrx_word' id='word_1_136' title='bbox 860 3078 998 3142; x_wconf 83' lang='lat' dir='ltr'><strong>Pucelle.</strong></span> 
     </span>
    </p>

    <p class='ocr_par' dir='ltr' id='par_1_6' title="bbox 289 3194 1247 4282">
     <span class='ocr_line' id='line_1_23' title="bbox 333 3194 1241 3287; baseline 0.01 -29"><span class='ocrx_word' id='word_1_137' title='bbox 333 3198 439 3259; x_wconf 60' lang='lat' dir='ltr'><strong>121ch</strong></span> <span class='ocrx_word' id='word_1_138' title='bbox 462 3195 542 3257; x_wconf 89' lang='lat' dir='ltr'><strong>mihi</strong></span> <span class='ocrx_word' id='word_1_139' title='bbox 562 3196 694 3261; x_wconf 87' lang='lat' dir='ltr'><strong>dilectio</strong></span> <span class='ocrx_word' id='word_1_140' title='bbox 714 3208 816 3263; x_wconf 85' lang='lat' dir='ltr'><strong>restra</strong></span> <span class='ocrx_word' id='word_1_141' title='bbox 836 3221 902 3264; x_wconf 90' lang='lat' dir='ltr'><strong>nou</strong></span> <span class='ocrx_word' id='word_1_142' title='bbox 924 3194 1164 3285; x_wconf 71' lang='lat' dir='ltr'><strong>praescripserit,</strong></span> <span class='ocrx_word' id='word_1_143' title='bbox 1179 3225 1241 3287; x_wconf 82' lang='lat' dir='ltr'><strong>ego</strong></span> 
     </span>
     <span class='ocr_line' id='line_1_24' title="bbox 291 3296 1241 3383; baseline 0.006 -23"><span class='ocrx_word' id='word_1_144' title='bbox 291 3309 397 3361; x_wconf 84' lang='lat' dir='ltr'><strong>temen</strong></span> <span class='ocrx_word' id='word_1_145' title='bbox 420 3296 658 3380; x_wconf 85' lang='lat' dir='ltr'><strong>opportunitate</strong></span> <span class='ocrx_word' id='word_1_146' title='bbox 681 3297 822 3375; x_wconf 83' lang='lat' dir='ltr'><strong>iuventa,</strong></span> <span class='ocrx_word' id='word_1_147' title='bbox 845 3301 930 3363; x_wconf 88' lang='lat' dir='ltr'><strong>sicut</strong></span> <span class='ocrx_word' id='word_1_148' title='bbox 955 3301 1107 3365; x_wconf 82' lang='lat' dir='ltr'><strong>servorem</strong></span> <span class='ocrx_word' id='word_1_149' title='bbox 1133 3304 1241 3383; x_wconf 89' lang='lat' dir='ltr'><strong>animi,</strong></span> 
     </span>
     <span class='ocr_line' id='line_1_25' title="bbox 290 3397 1241 3484; baseline 0.007 -23"><span class='ocrx_word' id='word_1_150' title='bbox 290 3399 464 3483; x_wconf 86' lang='lat' dir='ltr'><strong>praesertim</strong></span> <span class='ocrx_word' id='word_1_151' title='bbox 475 3397 517 3461; x_wconf 85' lang='lat' dir='ltr'><strong>ad</strong></span> <span class='ocrx_word' id='word_1_152' title='bbox 527 3398 661 3478; x_wconf 85' lang='lat' dir='ltr'><strong>amicos,</strong></span> <span class='ocrx_word' id='word_1_153' title='bbox 671 3400 749 3463; x_wconf 88' lang='lat' dir='ltr'><strong>etin</strong></span> <span class='ocrx_word' id='word_1_154' title='bbox 764 3402 938 3464; x_wconf 81' lang='lat' dir='ltr'><strong>assertione</strong></span> <span class='ocrx_word' id='word_1_155' title='bbox 948 3399 1080 3484; x_wconf 76' lang='lat' dir='ltr'><strong>justitia</strong></span> <span class='ocrx_word' id='word_1_156' title='bbox 1091 3404 1241 3468; x_wconf 90' lang='lat' dir='ltr'><strong>cohibere</strong></span> 
     </span>
     <span class='ocr_line' id='line_1_26' title="bbox 290 3500 1242 3585; baseline 0.004 -21"><span class='ocrx_word' id='word_1_157' title='bbox 290 3521 355 3564; x_wconf 89' lang='lat' dir='ltr'><strong>nou</strong></span> <span class='ocrx_word' id='word_1_158' title='bbox 381 3518 530 3584; x_wconf 86' lang='lat' dir='ltr'><strong>possum:</strong></span> <span class='ocrx_word' id='word_1_159' title='bbox 568 3500 616 3563; x_wconf 88' lang='lat' dir='ltr'><strong>sic</strong></span> <span class='ocrx_word' id='word_1_160' title='bbox 643 3520 663 3566; x_wconf 89' lang='lat' dir='ltr'><strong>a</strong></span> <span class='ocrx_word' id='word_1_161' title='bbox 687 3500 858 3565; x_wconf 84' lang='lat' dir='ltr'><strong>scribendo</strong></span> <span class='ocrx_word' id='word_1_162' title='bbox 879 3523 946 3564; x_wconf 91' lang='lat' dir='ltr'><strong>nou</strong></span> <span class='ocrx_word' id='word_1_163' title='bbox 967 3503 1059 3585; x_wconf 90' lang='lat' dir='ltr'><strong>potui</strong></span> <span class='ocrx_word' id='word_1_164' title='bbox 1083 3506 1242 3568; x_wconf 86' lang='lat' dir='ltr'><strong>calamum</strong></span> 
     </span>
     <span class='ocr_line' id='line_1_27' title="bbox 289 3600 1243 3684; baseline 0.005 -21"><span class='ocrx_word' id='word_1_165' title='bbox 289 3601 460 3664; x_wconf 87' lang='lat' dir='ltr'><strong>continere.</strong></span> <span class='ocrx_word' id='word_1_166' title='bbox 519 3601 565 3662; x_wconf 90' lang='lat' dir='ltr'><strong>Et</strong></span> <span class='ocrx_word' id='word_1_167' title='bbox 592 3600 726 3664; x_wconf 84' lang='lat' dir='ltr'><strong>fortasse</strong></span> <span class='ocrx_word' id='word_1_168' title='bbox 756 3602 850 3684; x_wconf 89' lang='lat' dir='ltr'><strong>plura</strong></span> <span class='ocrx_word' id='word_1_169' title='bbox 887 3602 1057 3666; x_wconf 85' lang='lat' dir='ltr'><strong>scriberem</strong></span> <span class='ocrx_word' id='word_1_170' title='bbox 1088 3615 1243 3683; x_wconf 87' lang='lat' dir='ltr'><strong>nostrum,</strong></span> 
     </span>
     <span class='ocr_line' id='line_1_28' title="bbox 292 3698 1244 3783; baseline 0.004 -17"><span class='ocrx_word' id='word_1_171' title='bbox 292 3701 451 3766; x_wconf 67' lang='lat' dir='ltr'><strong>Ecclesiae</strong></span> <span class='ocrx_word' id='word_1_172' title='bbox 472 3698 651 3781; x_wconf 85' lang='lat' dir='ltr'><strong>Anglorum</strong></span> <span class='ocrx_word' id='word_1_173' title='bbox 676 3701 764 3779; x_wconf 88' lang='lat' dir='ltr'><strong>dico,</strong></span> <span class='ocrx_word' id='word_1_174' title='bbox 785 3702 1006 3783; x_wconf 87' lang='lat' dir='ltr'><strong>contingentia</strong></span> <span class='ocrx_word' id='word_1_175' title='bbox 1030 3713 1157 3783; x_wconf 85' lang='lat' dir='ltr'><strong>statum,</strong></span> <span class='ocrx_word' id='word_1_176' title='bbox 1179 3707 1244 3770; x_wconf 90' lang='lat' dir='ltr'><strong>uisi</strong></span> 
     </span>
     <span class='ocr_line' id='line_1_29' title="bbox 292 3804 1244 3887; baseline 0.008 -22"><span class='ocrx_word' id='word_1_177' title='bbox 292 3804 368 3887; x_wconf 90' lang='lat' dir='ltr'><strong>quia</strong></span> <span class='ocrx_word' id='word_1_178' title='bbox 393 3804 509 3885; x_wconf 91' lang='lat' dir='ltr'><strong>opinor</strong></span> <span class='ocrx_word' id='word_1_179' title='bbox 537 3823 740 3867; x_wconf 84' lang='lat' dir='ltr'><strong>communem</strong></span> <span class='ocrx_word' id='word_1_180' title='bbox 766 3815 889 3887; x_wconf 87' lang='lat' dir='ltr'><strong>patrem</strong></span> <span class='ocrx_word' id='word_1_181' title='bbox 912 3816 1055 3868; x_wconf 88' lang='lat' dir='ltr'><strong>nostrum</strong></span> <span class='ocrx_word' id='word_1_182' title='bbox 1081 3804 1244 3872; x_wconf 91' lang='lat' dir='ltr'><strong>dominum</strong></span> 
     </span>
     <span class='ocr_line' id='line_1_30' title="bbox 293 3903 1245 3992; baseline 0 -24"><span class='ocrx_word' id='word_1_183' title='bbox 293 3903 557 3969; x_wconf 85' lang='lat' dir='ltr'><strong>Cantuariensem</strong></span> <span class='ocrx_word' id='word_1_184' title='bbox 579 3903 671 3967; x_wconf 87' lang='lat' dir='ltr'><strong>vobis</strong></span> <span class='ocrx_word' id='word_1_185' title='bbox 693 3924 790 3988; x_wconf 91' lang='lat' dir='ltr'><strong>super</strong></span> <span class='ocrx_word' id='word_1_186' title='bbox 811 3905 862 3967; x_wconf 91' lang='lat' dir='ltr'><strong>his</strong></span> <span class='ocrx_word' id='word_1_187' title='bbox 883 3904 1010 3988; x_wconf 88' lang='lat' dir='ltr'><strong>plenius</strong></span> <span class='ocrx_word' id='word_1_188' title='bbox 1032 3908 1245 3992; x_wconf 89' lang='lat' dir='ltr'><strong>rescripsisse.</strong></span> 
     </span>
     <span class='ocr_line' id='line_1_31' title="bbox 292 4003 1245 4088; baseline 0 -21"><span class='ocrx_word' id='word_1_189' title='bbox 292 4003 505 4084; x_wconf 85' lang='lat' dir='ltr'><strong>Progrediens</strong></span> <span class='ocrx_word' id='word_1_190' title='bbox 520 4024 581 4085; x_wconf 81' lang='lat' dir='ltr'><strong>ego</strong></span> <span class='ocrx_word' id='word_1_191' title='bbox 596 4003 638 4067; x_wconf 88' lang='lat' dir='ltr'><strong>ad</strong></span> <span class='ocrx_word' id='word_1_192' title='bbox 654 4005 778 4088; x_wconf 82' lang='lat' dir='ltr'><strong>reliqua</strong></span> <span class='ocrx_word' id='word_1_193' title='bbox 792 4005 864 4067; x_wconf 92' lang='lat' dir='ltr'><strong>Deo</strong></span> <span class='ocrx_word' id='word_1_194' title='bbox 877 4005 1034 4088; x_wconf 88' lang='lat' dir='ltr'><strong>imprimis</strong></span> <span class='ocrx_word' id='word_1_195' title='bbox 1050 4008 1167 4087; x_wconf 80' lang='lat' dir='ltr'><strong>gratias</strong></span> <span class='ocrx_word' id='word_1_196' title='bbox 1183 4025 1245 4085; x_wconf 81' lang='lat' dir='ltr'><strong>ago</strong></span> 
     </span>
     <span class='ocr_line' id='line_1_32' title="bbox 294 4102 1246 4189; baseline -0.002 -21"><span class='ocrx_word' id='word_1_197' title='bbox 294 4106 348 4189; x_wconf 91' lang='lat' dir='ltr'><strong>qui</strong></span> <span class='ocrx_word' id='word_1_198' title='bbox 363 4105 443 4167; x_wconf 92' lang='lat' dir='ltr'><strong>mihi</strong></span> <span class='ocrx_word' id='word_1_199' title='bbox 466 4124 563 4188; x_wconf 89' lang='lat' dir='ltr'><strong>supra</strong></span> <span class='ocrx_word' id='word_1_200' title='bbox 578 4115 611 4168; x_wconf 90' lang='lat' dir='ltr'><strong>et</strong></span> <span class='ocrx_word' id='word_1_201' title='bbox 633 4112 744 4168; x_wconf 86' lang='lat' dir='ltr'><strong>contra</strong></span> <span class='ocrx_word' id='word_1_202' title='bbox 764 4102 878 4168; x_wconf 88' lang='lat' dir='ltr'><strong>merita</strong></span> <span class='ocrx_word' id='word_1_203' title='bbox 899 4126 970 4170; x_wconf 86' lang='lat' dir='ltr'><strong>mea</strong></span> <span class='ocrx_word' id='word_1_204' title='bbox 992 4105 1081 4169; x_wconf 89' lang='lat' dir='ltr'><strong>dedit</strong></span> <span class='ocrx_word' id='word_1_205' title='bbox 1102 4107 1136 4167; x_wconf 91' lang='lat' dir='ltr'><strong>in</strong></span> <span class='ocrx_word' id='word_1_206' title='bbox 1158 4103 1246 4166; x_wconf 87' lang='lat' dir='ltr'><strong>omni</strong></span> 
     </span>
     <span class='ocr_line' id='line_1_33' title="bbox 296 4199 1247 4282; baseline -0.002 -15"><span class='ocrx_word' id='word_1_207' title='bbox 296 4206 500 4268; x_wconf 88' lang='lat' dir='ltr'><strong>tribulatione</strong></span> <span class='ocrx_word' id='word_1_208' title='bbox 515 4205 677 4282; x_wconf 86' lang='lat' dir='ltr'><strong>solatium,</strong></span> <span class='ocrx_word' id='word_1_209' title='bbox 691 4215 723 4268; x_wconf 89' lang='lat' dir='ltr'><strong>et</strong></span> <span class='ocrx_word' id='word_1_210' title='bbox 744 4226 856 4268; x_wconf 86' lang='lat' dir='ltr'><strong>omnes</strong></span> <span class='ocrx_word' id='word_1_211' title='bbox 874 4205 1122 4269; x_wconf 85' lang='lat' dir='ltr'><strong>adversariorum</strong></span> <span class='ocrx_word' id='word_1_212' title='bbox 1144 4199 1247 4265; x_wconf 87' lang='lat' dir='ltr'><strong>tendi·</strong></span> 
     </span>
    </p>
   </div>
   <div class='ocr_carea' id='block_1_6' title="bbox 300 4302 1251 4386">
    <p class='ocr_par' dir='ltr' id='par_1_7' title="bbox 300 4302 1251 4386">
     <span class='ocr_line' id='line_1_34' title="bbox 300 4302 1251 4386; baseline 0.001 -19"><span class='ocrx_word' id='word_1_213' title='bbox 300 4307 388 4369; x_wconf 79' lang='lat' dir='ltr'><strong>cules</strong></span> <span class='ocrx_word' id='word_1_214' title='bbox 409 4307 442 4369; x_wconf 90' lang='lat' dir='ltr'><strong>in</strong></span> <span class='ocrx_word' id='word_1_215' title='bbox 470 4305 602 4386; x_wconf 84' lang='lat' dir='ltr'><strong>gloriam</strong></span> <span class='ocrx_word' id='word_1_216' title='bbox 625 4325 720 4369; x_wconf 87' lang='lat' dir='ltr'><strong>suam</strong></span> <span class='ocrx_word' id='word_1_217' title='bbox 735 4307 905 4381; x_wconf 85' lang='lat' dir='ltr'><strong>convertit,</strong></span> <span class='ocrx_word' id='word_1_218' title='bbox 927 4316 960 4369; x_wconf 85' lang='lat' dir='ltr'><strong>et</strong></span> <span class='ocrx_word' id='word_1_219' title='bbox 984 4302 1148 4385; x_wconf 83' lang='lat' dir='ltr'><strong>parvitatis</strong></span> <span class='ocrx_word' id='word_1_220' title='bbox 1170 4322 1251 4369; x_wconf 82' lang='lat' dir='ltr'><strong>meae</strong></span> 
     </span>
    </p>
   </div>
   <div class='ocr_carea' id='block_1_7' title="bbox 0 0 1544 5200">
    <p class='ocr_par' dir='ltr' id='par_1_8' title="bbox 0 0 1544 5200">
     <span class='ocr_line' id='line_1_35' title="bbox 0 0 1544 5200; baseline 0 0"><span class='ocrx_word' id='word_1_221' title='bbox 0 0 1544 5200; x_wconf 95' lang='lat' dir='ltr'><strong> </strong></span> 
     </span>
    </p>
   </div>
  </div>
 </body>
</html>
