3034 5200
283 731 392 809 itas]
669 743 846 790 aersronm.
1170 726 1230 784 169

280 895 406 978 gladius
418 897 585 960 columbae.
616 894 678 957 Sed
692 894 825 957 fortasse
837 891 923 954 dices
934 891 966 953 in
977 891 1073 974 longa
1084 902 1229 972 tempora

278 997 373 1059 homo
388 999 446 1060 iste
461 995 598 1080 prophet
615 1010 646 1059 et
671 1016 743 1077 quae
768 1004 859 1075 optat
883 990 1046 1075 eloquitur
1069 988 1109 1051 de
1133 986 1228 1050 corde

279 1121 350 1175 suo,
363 1120 423 1160 non
440 1097 481 1160 de
498 1097 619 1180 Spiritu
644 1095 716 1157 Dei.
764 1091 813 1156 Ad
831 1092 916 1175 quod
940 1114 1018 1175 ego:
1051 1091 1085 1153 Si
1102 1089 1229 1152 menda·

276 1199 359 1263 cium
377 1197 501 1285 loquor,
515 1198 557 1260 ab
572 1195 753 1282 Apostolica
779 1195 852 1258 sede
876 1191 952 1255 mihi
968 1191 1052 1254 illius
1070 1190 1229 1254 immissus

278 1314 324 1362 est
338 1300 483 1383 spiritus,
499 1298 556 1382 qui
580 1298 663 1376 diem
688 1296 883 1381 praescripsit
908 1292 1037 1357 ultionis
1061 1305 1092 1355 et
1116 1314 1224 1355 arcum

277 1422 372 1463 sunm
391 1401 458 1483 jam
482 1399 618 1462 tetendit
638 1413 673 1461 ut
696 1399 815 1460 leonem
841 1395 968 1480 dejiciat
992 1408 1024 1457 et
1046 1394 1226 1456 draconem.

278 1502 446 1564 Habemus
461 1512 566 1563 autem
583 1512 613 1563 et
630 1499 797 1562 firmiorem
815 1519 902 1582 spem
922 1500 954 1560 in
971 1496 1068 1558 verbo
1085 1495 1226 1568 Domini,

276 1601 364 1687 quod
396 1623 459 1664 non
489 1599 612 1684 impleri
642 1623 703 1663 non
733 1614 850 1686 potest,
875 1597 927 1661 cui
956 1596 1149 1660 abominatio
1178 1609 1226 1659 est

276 1702 402 1787 pondus
417 1715 449 1765 et
466 1700 600 1785 pondus,
618 1723 764 1764 mensura
779 1715 810 1764 et
827 1720 984 1774 mensura,
996 1711 1030 1761 ut
1048 1698 1086 1760 sit
1104 1719 1226 1759 necesse

276 1825 438 1888 quemque
468 1805 663 1866 remunerari
690 1823 748 1886 pro
774 1801 896 1864 merito.
951 1799 1140 1862 Fredericus
1168 1799 1226 1882 qui

277 1901 434 1986 praecessit
461 1902 493 1964 in
520 1902 649 1964 crimine
676 1902 707 1963 in
735 1901 842 1964 labore
867 1897 1018 1984 praecedit
1045 1911 1077 1960 et
1106 1896 1225 1976 dolore,

278 2002 395 2065 utinam
413 2003 522 2067 nonin
540 2005 639 2066 ruina.

278 2311 495 2374 EPISTOLA
522 2312 799 2375 octaua-an
817 2329 1016 2373 maors‘rauru
1034 2329 1217 2373 annuerunt

490 2429 735 2473 anxovtausau.
785 2411 871 2491 [nn.
892 2410 1000 2487 rma]

269 2567 376 2629 Amico
390 2574 421 2629 et
433 2569 516 2629 socio
530 2587 588 2629 suo
603 2569 767 2631 consumo
782 2569 943 2648 Magistro
958 2569 1104 2651 liudulfo
1120 2569 1219 2633 aeeo-

313 2670 415 2731 oierrst'
444 2689 525 2731 suus
546 2671 579 2731 J.
603 2671 739 2732 salutem
766 2676 797 2732 et
823 2672 961 2750 dirigere
980 2672 1163 2751 prudenter
1183 2673 1220 2732 r‘rt

300 2769 428 2854 fotura
439 2776 651 2852 prospectum.

312 2893 425 2967 anau
453 2926 518 2965 esse
544 2902 772 2988 sperandarum
799 2924 907 2965 rerum
932 2902 1153 2982 substantiam,
1177 2904 1218 2968 ab

269 3006 422 3088 Apostolo
449 3003 588 3066 didicisti
612 3016 643 3066 et
668 3003 709 3065 ab
735 3026 840 3065 errore
866 3002 1044 3067 Gentilium
1069 3027 1130 3066 non
1157 3004 1220 3067 dis-

269 3126 398 3188 crepare
414 3117 546 3184 constat,
563 3107 618 3188 qui
636 3104 805 3168 dumtaxat
828 3105 1039 3190 praesentibus
1059 3105 1217 3171 innititur.

270 3203 367 3266 Unde
382 3205 439 3289 qui
455 3204 506 3267 hic
523 3217 647 3268 tantum
661 3216 821 3288 sperantes
837 3217 911 3269 sunt
922 3206 1044 3293 aliquid
1057 3207 1096 3269 de
1110 3207 1218 3272 Chris-

268 3305 354 3369 tiano
366 3305 491 3368 nomine
501 3304 683 3388 gloriantes,
695 3307 718 3368 J
722 3305 822 3370 udaeis
833 3319 865 3371 et
879 3308 1029 3391 gentibus
1042 3311 1217 3373 miseriores

269 3420 351 3470 sunt.
407 3408 451 3469 Et
481 3418 513 3469 te
543 3407 671 3491 quidem
698 3430 716 3470 a
745 3408 902 3472 consortio
931 3431 1040 3472 eorum
1071 3422 1217 3496 separant

267 3530 364 3591 opera
389 3507 621 3587 misericordiae,
644 3531 718 3594 quae
741 3532 799 3595 per
824 3510 919 3573 fidem
945 3510 977 3572 in
1003 3532 1058 3595 spe
1082 3512 1217 3575 retribu-

269 3608 362 3671 tionis
388 3620 505 3671 eternae
531 3621 662 3693 propter
689 3632 826 3673 amorem
855 3609 985 3673 Domini
1011 3610 1109 3673 nostri
1135 3611 1215 3672 Jesu

267 3708 385 3774 Christi
400 3709 432 3771 iu
453 3710 594 3773 membra
616 3710 685 3794 ejus
707 3731 852 3773 exercere
874 3732 936 3772 non
959 3708 1086 3772 desinis·
1132 3710 1217 3773 Nam

263 3810 475 3895 eleemosynas
492 3822 563 3873 tuas
579 3822 725 3873 enarrant
741 3811 880 3875 ecolesiae
896 3821 1088 3886 sanctorum,
1100 3811 1216 3898 pupilli

262 3927 293 3975 et
307 3912 413 3974 viduae
426 3933 498 3974 oum
511 3910 579 3973 aliis
593 3910 787 3994 pauperibus
798 3926 829 3976 et
842 3910 990 3975 desolatis
1001 3912 1033 3975 in
1045 3927 1215 3997 conspectu

265 4012 462 4095 Angelorum
486 4010 690 4096 gratulantur
713 4036 745 4075 se
760 4026 824 4077 tuae
841 4013 1046 4077 humanitatis
1060 4013 1170 4075 officiis
1184 4025 1216 4075 et

262 4111 421 4174 beneficiis
443 4111 612 4175 sublevari.
658 4113 805 4176 Laetatus
828 4136 895 4176 sum
919 4116 951 4175 in
976 4113 1093 4175 talibus
1115 4133 1216 4196 quum

264 4210 446 4272 referuntur
463 4212 557 4275 mihi:
591 4224 696 4275 certus
713 4214 791 4298 quia
806 4214 866 4275 hac
882 4213 933 4275 via
948 4213 1013 4275 sine
1027 4211 1217 4276 offendiculo

262 4309 373 4395 pergis
384 4319 416 4370 et
428 4331 579 4395 properas
591 4312 623 4374 in
637 4312 765 4376 domum
781 4311 920 4375 Domini.
959 4312 1025 4374 Ubi
1038 4333 1214 4398 pauperum
