3034 5200
292 711 400 790 1162]
672 727 849 773 nrrsronm.
1196 723 1237 780 47

286 900 391 943 meam
413 899 509 963 super
530 878 673 942 dolorem
693 881 859 943 vulnerum
882 882 1091 964 propriorum.
1129 885 1238 970 Hujus

285 980 332 1043 rei
347 981 436 1044 testis
451 991 500 1044 est
521 981 728 1053 conscientia,
743 981 835 1044 testis
854 992 902 1045 est
922 983 1128 1048 conscientiae
1148 1007 1237 1049 scru-

285 1091 366 1144 tator
383 1091 415 1146 et
429 1083 546 1146 arbiter
565 1083 667 1158 Deus,
683 1083 739 1164 qui
759 1082 840 1146 sorte
861 1083 956 1147 citius
970 1104 1069 1166 quam
1091 1085 1238 1150 credatur

285 1181 456 1246 illustrabit
490 1180 681 1246 abscondita
715 1183 929 1257 tenebrarum,
959 1194 991 1246 et
1020 1185 1236 1250 manifestabit

285 1284 420 1347 consilia
434 1284 589 1347 cordium.
626 1285 672 1346 Et
680 1282 750 1367 jam
766 1283 895 1366 quidem
911 1297 1032 1350 stamus
1047 1299 1120 1351 ante
1135 1288 1235 1352 tribu·

284 1385 337 1447 nal
352 1384 433 1467 ejus,
444 1396 477 1448 et
490 1406 562 1448 eum
577 1385 610 1447 in
624 1405 721 1447 causa
734 1395 843 1447 nostra
852 1385 996 1470 judicem
1013 1398 1235 1471 expectamus,

283 1495 319 1547 ut
331 1485 365 1547 in
378 1496 556 1568 conspectu
570 1486 671 1569 ipsius
686 1487 818 1549 stultum
834 1487 876 1548 sit
887 1497 919 1550 et
933 1488 1134 1551 temerarium
1145 1510 1233 1552 men-

284 1585 395 1649 tiendo
408 1587 506 1649 totius
524 1587 641 1650 laboris
659 1597 692 1649 et
704 1588 779 1650 vitae
802 1587 924 1671 siquid
944 1599 1052 1651 tamen
1071 1589 1237 1652 salubriter

284 1685 423 1767 patimur
437 1696 491 1748 aut
507 1695 593 1750 recte
607 1687 739 1767 agimus,
754 1686 937 1749 mercedem
952 1687 1094 1771 perdere.
1129 1689 1235 1752 Labo-

283 1787 350 1848 ravi
372 1807 447 1868 ergo
471 1787 567 1866 (sicut
588 1787 657 1870 ipse
678 1785 780 1866 norit)
797 1787 884 1869 apud
907 1785 1074 1850 dominum
1094 1787 1236 1852 Cantus·

283 1886 430 1966 rieusem,
444 1898 536 1951 utens
551 1909 638 1950 nunc
658 1887 853 1968 mitigativis,
867 1909 953 1951 nunc
970 1890 1188 1952 acerbioribus
1203 1902 1236 1953 et

283 1989 370 2050 omni
381 2010 562 2052 sermonum
577 2009 710 2070 genere:
735 1987 794 2050 sed
804 1989 895 2050 labor
906 2009 997 2050 meus
1011 1989 1112 2070 (quod
1125 1988 1233 2068 doleo)

282 2088 377 2150 cessit
390 2089 561 2152 incassum.
608 2089 698 2160 Quos
712 2097 819 2150 autem
839 2088 949 2150 obices
963 2086 1016 2150 ille
1037 2088 1188 2169 precibus
1203 2099 1235 2151 et

280 2189 539 2270 persuasionibus
562 2187 679 2251 nostris
705 2199 858 2270 opponat,
882 2199 913 2250 ct
937 2199 1080 2251 retexere
1102 2190 1233 2270 longum

282 2301 338 2365 est,
364 2302 397 2354 et
421 2291 486 2354 fere
517 2291 724 2372 superfluum,
751 2311 848 2374 quum
874 2289 1031 2370 Magister
1057 2290 1235 2366 Gilbertus‚

282 2411 375 2474 quem
394 2392 485 2453 vobis
508 2388 636 2452 fidelem
657 2411 726 2452 esse
746 2410 813 2451 non
834 2389 975 2469 ambigo,
990 2391 1096 2453 omnia
1114 2392 1234 2471 plenis·

282 2490 361 2552 sime
383 2486 516 2552 audierit
529 2511 572 2552 ex
596 2510 649 2551 ore
671 2489 749 2572 ejus.
791 2491 898 2552 Deum
918 2499 1025 2551 tamen
1048 2501 1161 2554 testem
1183 2493 1231 2554 in·

281 2611 363 2653 voco
377 2590 410 2653 in
426 2591 565 2655 animam
579 2610 693 2666 meam,
709 2588 796 2673 quod
811 2602 846 2652 ut
861 2586 1015 2653 exanimi
1030 2591 1092 2654 mei
1109 2604 1233 2655 senten-

281 2692 325 2755 tia
345 2693 467 2776 loquar,
490 2692 751 2774 archiepiscopus
774 2691 963 2774 episcopum
980 2691 1102 2755 sincere
1119 2692 1233 2772 diligit,

281 2806 313 2856 ct
327 2795 421 2857 saluti
440 2803 474 2858 et
494 2793 698 2857 indemnitati
720 2793 791 2876 ejus
807 2792 897 2875 cupit
917 2812 986 2855 esse
1009 2803 1231 2874 prospectum:

283 2895 341 2958 sed
354 2896 485 2973 insistit,
501 2906 537 2958 ut
559 2896 616 2978 qui
638 2894 866 2957 inobedientiae
881 2902 914 2956 et
927 2892 1032 2955 illiciti
1052 2913 1149 2955 ausus
1163 2892 1233 2956 aliis

281 2996 371 3059 dedit
386 2997 531 3072 formam,
546 3017 580 3058 se
600 2997 706 3078 ipsum
729 2994 875 3070 salubris,
890 3004 923 3055 et
943 2993 1133 3056 necessarie
1154 2995 1231 3057 obe·

281 3096 410 3159 dientiae
440 3097 563 3159 caeteris
591 3103 721 3177 praestct
749 3094 945 3177 exemplum.
991 3095 1087 3166 Quod
1116 3095 1143 3157 si
1171 3094 1232 3160 sibi

280 3197 506 3277 scripturarum
528 3196 728 3269 auctoritate,
752 3195 925 3258 amicorum
947 3194 1094 3271 consilio,
1117 3206 1149 3257 et
1174 3194 1231 3258 do·

280 3297 361 3359 mini
389 3317 482 3380 papae
510 3296 661 3359 mandato
694 3295 879 3379 persuaderi
909 3295 1096 3377 permiserit,
1125 3296 1232 3380 ipsum

280 3396 554 3479 archiepiscopum
576 3418 669 3481 quem
685 3418 772 3460 nunc
795 3397 927 3459 sortasse
943 3397 1015 3478 plus
1030 3395 1119 3477 justo
1142 3397 1232 3459 timet

279 3490 559 3556 clementissimum
592 3503 714 3575 patrem
747 3493 900 3568 inveniet,
930 3502 962 3554 et
997 3493 1093 3571 longe
1125 3493 1232 3574 proni-

277 3594 396 3656 niorem
410 3593 577 3673 ignoscere
593 3615 689 3676 quam
704 3592 828 3656 ulcisci.
873 3592 1013 3654 Potestis
1024 3593 1110 3652 enim
1125 3604 1158 3653 et
1173 3604 1228 3653 ex-

278 3692 368 3776 pedit
395 3693 568 3768 reminisci,
595 3692 674 3777 quid
693 3714 789 3776 super
812 3692 876 3755 hoc
906 3713 926 3754 a
949 3690 1025 3753 sede
1055 3691 1231 3773 apostolica

277 3814 379 3877 nuper
398 3792 529 3855 domino
550 3793 789 3857 constantiensi
802 3792 992 3874 rescriptum
1012 3791 1071 3855 sit:
1094 3813 1169 3855 nam
1189 3791 1231 3855 ad

279 3904 414 3956 vestram
443 3903 498 3954 aut
527 3891 624 3967 venit,
653 3901 708 3954 aut
737 3890 849 3951 debuit
881 3889 1045 3971 pervenire
1075 3889 1229 3951 notitiam.

278 3994 376 4057 Scitis
392 3994 485 4055 etiam
503 3990 580 4075 quid
595 3989 700 4055 solatii
711 3989 946 4053 mihi'retulerit
962 3987 1102 4052 decanus
1116 3995 1230 4057 vester,

278 4101 331 4155 aut
343 4092 369 4154 si
383 4091 526 4165 nescitis,
536 4092 656 4152 utinam
667 4090 776 4152 omnia
790 4108 862 4169 quae
872 4088 985 4149 Romae
1001 4087 1109 4168 gessit,
1121 4081 1230 4142 tamin

278 4193 338 4255 hac
350 4213 458 4269 causa,
470 4213 566 4275 quam
575 4192 608 4253 in
619 4192 754 4265 caeteris,
763 4209 829 4250 non
840 4188 937 4250 modo
950 4188 1050 4260 vobis,
1062 4181 1162 4244 sedet
1173 4180 1232 4239 toti

278 4290 470 4355 innotuerint
486 4291 618 4355 mundo.
662 4293 708 4353 Et
725 4290 752 4351 si
767 4289 878 4349 liceret
900 4287 1005 4349 adhuc
1021 4304 1060 4345 ea
1074 4275 1234 4361 publicari
