3034 5200
426 754 490 812 2⁷8
691 766 828 812 rosums
841 763 1120 809 etruscern-:nus
1282 749 1332 828 [A.
1350 769 1386 812 o.

451 1004 668 1067 EPISTOLA
693 1003 942 1067 cccxv-m
957 1021 1154 1065 anarrinon
1172 1022 1363 1068 sommum.

792 1104 836 1183 [A.
850 1123 881 1166 n.
900 1105 1009 1183 llis]

717 1283 855 1344 Domino
872 1283 1031 1345 Gratiano
1046 1283 1095 1343 Jo.

471 1429 619 1489 Vuurras
643 1426 775 1498 Christi,
799 1446 894 1509 quam
918 1425 950 1486 iu
976 1425 1065 1487 vobis
1081 1447 1148 1488 esse
1162 1447 1230 1510 prae
1254 1426 1384 1490 caeteris

429 1529 483 1612 qui
508 1527 591 1590 missi
613 1528 740 1590 fuerant
763 1528 795 1589 in
818 1527 946 1611 negotio
969 1529 1068 1589 sancti
1083 1526 1216 1590 Tlromae
1239 1527 1385 1591 mundus

427 1630 569 1712 agnovit,
584 1628 661 1690 mibi
677 1627 900 1691 confidentiam
916 1641 1058 1712 praestat,
1075 1640 1110 1690 nt
1126 1650 1179 1689 eos
1201 1650 1283 1712 quos
1299 1650 1383 1713 prae-

428 1730 495 1792 fato
523 1730 655 1814 martyri
681 1729 814 1793 devotos
838 1751 904 1792 esse
929 1741 1052 1792 constat
1077 1727 1239 1791 dilectioni
1265 1742 1384 1794 vestrae

427 1853 534 1893 secure
559 1832 690 1894 audeam
721 1829 950 1894 commendare.
998 1831 1123 1892 Horum
1155 1853 1239 1892 unus
1267 1843 1316 1894 est
1346 1843 1381 1895 et

427 1932 641 1996 numerandus
666 1932 698 1997 in
725 1934 846 2018 primis,
875 1931 1064 1994 venerabilis
1088 1931 1135 1994 vir
1162 1932 1206 1994 R.
1228 1932 1379 1996 Winton.

426 2033 556 2114 clectus,
566 2033 726 2120 quondam
740 2034 921 2098 Pictavens.
935 2032 1055 2094 archid.
1067 2031 1262 2117 pupillorum
1272 2047 1378 2118 pater,

425 2153 455 2200 et
478 2140 680 2200 moerentium
700 2132 888 2207 consolator,
911 2133 1018 2196 fautor
1041 2134 1258 2199 ecclesiasticae
1280 2135 1378 2200 liber·

426 2238 657 2322 tatis,justitiae
672 2237 785 2315 cultor,
802 2249 834 2300 et
854 2235 1031 2321 iniquitatis
1051 2236 1261 2317 adversarius,
1276 2261 1379 2324 quan-

425 2353 493 2403 tum
510 2358 568 2421 pro
584 2351 725 2423 tempore
739 2337 824 2415 licet,
836 2338 933 2399 immo
948 2335 1092 2413 ulterius,
1105 2349 1141 2401 ut
1155 2337 1187 2400 in
1204 2361 1275 2401 eum
1293 2362 1379 2425 saepe

425 2463 483 2526 pro
499 2438 638 2503 Domino
649 2440 892 2503 contendentem
908 2460 969 2500 non
982 2440 1048 2500 sine
1063 2438 1205 2522 periculo
1221 2439 1377 2504 malorum

425 2543 564 2628 impetus
579 2541 797 2607 excandescat.
843 2543 950 2604 Homo
972 2540 1107 2605 devotus
1126 2555 1173 2605 est
1196 2542 1378 2628 apostolicae

425 2646 490 2710 sedi
506 2659 538 2710 et
561 2648 655 2732 cujus
675 2643 874 2707 familiaritas
897 2644 1008 2706 honori
1032 2656 1135 2707 vestro
1158 2643 1260 2709 valeat
1281 2645 1380 2709 inser-

425 2749 502 2813 vire.
547 2752 592 2813 Et
615 2746 745 2833 quidem
773 2745 930 2809 desiderat
958 2759 995 2809 ut
1018 2745 1170 2811 sedulitas
1196 2746 1265 2831 ejus
1289 2747 1380 2813 vobis

424 2851 561 2915 officiosa
573 2850 672 2936 possit
688 2852 794 2913 esseio
811 2848 932 2932 aliquo,
942 2848 1112 2933 magnique
1122 2849 1263 2913 censebit
1277 2848 1380 2915 instar

424 2947 563 3010 muueris
591 2946 617 3009 si
643 2946 670 3008 ei
698 2945 870 3031 quicquam
899 2945 1063 3028 injungere
1090 2945 1225 3009 voluerit
1252 2945 1381 3010 dilectio

425 3061 538 3111 vestra.
573 3048 656 3126 Quin
671 3070 747 3133 ergo
763 3046 936 3110 secundum
954 3046 1058 3110 Deum
1075 3046 1114 3109 ad
1132 3070 1264 3131 regnum
1281 3047 1380 3112 eccle·-

424 3149 478 3213 siae
494 3151 663 3215 salubriter
683 3150 772 3214 etad
792 3149 1034 3213 consolationem
1055 3149 1226 3213 multorum
1244 3163 1380 3215 vocatus

424 3263 474 3314 est
489 3254 628 3316 caritatis
641 3264 753 3316 vestrae
768 3252 901 3336 genibus
917 3249 1105 3335 provolutus
1116 3263 1378 3338 quantacumque

424 3373 553 3435 possum
570 3351 719 3414 instantia
734 3352 890 3437 supplico,
907 3352 1059 3436 quatinus
1076 3364 1108 3416 et
1123 3373 1289 3438 personam
1304 3354 1376 3437 ejus

425 3463 456 3516 et
472 3474 596 3515 causam
621 3451 764 3514 habeatis
785 3453 977 3537 propensius
998 3454 1259 3528 commendatam,
1276 3467 1308 3517 et
1331 3456 1378 3518 sic

424 3554 523 3641 ipsius
540 3552 750 3639 promoveatis
766 3552 903 3636 negotia,
919 3552 1000 3617 sicut
1015 3554 1228 3639 expediendas
1242 3551 1377 3619 novistis
1413 3582 1418 3590 ·

426 3657 610 3741 Anglicanae
634 3655 772 3720 ecclesiae
795 3654 1004 3718 necessitates.
1050 3659 1092 3721 Se
1106 3655 1189 3719 enim
1205 3667 1322 3733 totum,
1339 3668 1378 3722 ut

425 3757 606 3822 indubitata
620 3779 690 3843 spes
705 3768 765 3833 est,
784 3755 903 3820 Christi
920 3754 1049 3819 devovit
1065 3756 1229 3841 obsequio,
1245 3770 1379 3841 paratus

425 3859 517 3922 etiam
528 3858 687 3944 propriam
698 3857 833 3921 animam
850 3880 907 3943 pro
919 3857 1048 3921 ecclesia
1060 3856 1230 3921 victimare.
1254 3855 1377 3922 Valete.
