3034 5200
334 758 394 817 164
589 771 724 815 somnus
741 767 1022 813 saansnnnmnsrs
1190 751 1237 829 [a.
1255 769 1289 813 n.

335 921 583 1007 cularecepturi.
609 924 714 1000 Quum
724 922 832 1006 itaque
842 932 962 985 vestras
972 919 1189 1006 eleemosynas
1199 942 1290 984 enar-

335 1035 382 1086 ret
407 1038 439 1086 et
462 1025 618 1108 approbet
643 1023 745 1085 omnis
768 1021 899 1086 ecclesia
922 1033 1115 1097 sanctorum,
1139 1021 1288 1106 nunquid

333 1124 527 1210 proscriptos
543 1124 674 1203 Christi,
690 1127 747 1208 qui
762 1147 822 1209 pro
839 1122 967 1208 justitia
981 1123 1124 1198 exulant,
1140 1135 1174 1187 et
1189 1123 1287 1186 eccle-

334 1226 389 1288 siae
401 1239 532 1291 tuentur
544 1226 733 1304 libertatem,
744 1248 806 1288 non
823 1224 966 1309 respiciet
978 1223 1151 1288 liberalitas
1162 1227 1288 1288 vestra?

335 1331 404 1390 Nec
419 1331 480 1391 mei
497 1329 599 1405 (Deus
614 1327 684 1410 scit)
697 1349 793 1391 causa
807 1326 890 1402 dico,
906 1328 957 1388 cui
969 1325 1072 1409 gratia
1082 1324 1213 1387 Domini
1229 1323 1288 1387 mi-

335 1429 448 1494 nistrat
464 1431 637 1494 necessaria
651 1431 691 1494 ad
708 1429 936 1494 abundantiam
960 1428 1109 1514 quintum
1132 1428 1165 1490 in
1191 1425 1287 1492 exilio

334 1533 505 1620 complenti
528 1556 659 1609 annum,
674 1547 706 1599 et
722 1557 741 1597 a
755 1535 848 1619 cujus
863 1531 1026 1617 proposito
1041 1553 1163 1617 semper
1178 1530 1285 1595 extitit

332 1635 482 1715 alienum,
508 1649 540 1699 et
569 1649 617 1698 est
644 1634 788 1698 odiosum
819 1632 879 1697 sub
906 1654 1096 1718 quocunque
1124 1644 1285 1717 praetextu

333 1736 521 1800 mendicare.
559 1740 624 1800 Res
638 1735 721 1799 enim
738 1733 833 1797 semel
845 1746 952 1818 empta
967 1732 1163 1797 commodius
1178 1735 1286 1820 acqui·

334 1836 416 1899 ritur
431 1836 462 1899 in
485 1837 556 1899 foro
578 1858 682 1899 rerum
707 1836 884 1900 venalium:
915 1836 993 1921 quia
1018 1848 1054 1899 ut
1075 1835 1286 1921 philosophus

332 1937 422 2000 testis
448 1951 507 2015 est,
531 1938 581 2002 bis
602 1937 720 2001 emitur
742 1960 843 2023 quum
867 1951 1009 2022 rogatur,
1033 1936 1087 2000 sed
1108 1947 1214 2001 movet
1234 1959 1286 2004 ma

332 2038 479 2102 dominus
491 2039 728 2105 Cantuariensis
740 2038 796 2123 qui
808 2037 918 2102 multis
929 2037 1115 2102 coexulibus
1124 2050 1287 2115 oneratus,

332 2139 419 2224 quod
437 2141 625 2224 Anglicanae
639 2140 778 2204 ecclesiae
793 2152 825 2204 et
842 2152 1017 2205 nostratum
1033 2139 1206 2225 ignominia
1226 2152 1286 2214 est,

334 2240 400 2304 suis
429 2242 534 2306 adbuc
559 2256 590 2307 et
616 2245 720 2326 gentis
745 2243 856 2306 alienoe
883 2241 1047 2327 stipendiis
1071 2241 1200 2321 militat,
1225 2263 1286 2326 pro

332 2362 425 2405 causa
440 2342 569 2427 publica
583 2343 682 2406 totius
698 2341 783 2408 cleri.
814 2347 927 2429 Neque
942 2343 1024 2405 enim
1041 2341 1101 2405 sibi
1116 2341 1286 2407 dumtaxat

332 2441 563 2509 immunitatem
594 2448 723 2530 quatit,
750 2468 847 2530 quam
873 2444 1023 2509 facillime
1052 2454 1178 2527 poterat
1202 2443 1285 2507 obti-

333 2544 456 2609 nuisse:
480 2546 533 2610 sed
547 2547 694 2612 omnibus
706 2546 853 2613 vendicat
866 2545 1055 2610 libertatem.
1087 2544 1170 2608 Nam
1183 2566 1283 2631 quum

331 2659 459 2712 auctore
476 2648 556 2727 Deo,
573 2649 660 2736 quod
677 2650 708 2713 in
724 2648 811 2714 brevi
827 2648 973 2711 futurum
990 2658 1146 2732 speratur,
1157 2647 1285 2711 obtinu-

331 2750 401 2829 erit,
424 2755 519 2815 etiam
544 2756 600 2837 qui
626 2751 658 2814 in
684 2752 768 2815 clero
791 2750 940 2814 minimus
960 2762 1018 2827 est,
1037 2749 1078 2813 de
1096 2748 1284 2813 adversariis

328 2853 468 2917 ecclesiae
493 2855 713 2940 triumphabit.
759 2855 832 2919 Scio
858 2866 962 2917 tamen
990 2852 1063 2938 quis
1088 2852 1117 2915 ei
1142 2852 1282 2938 aliquam

329 2954 404 3018 tulit
425 2979 529 3041 opem,
552 2970 584 3020 et
609 2970 885 3042 quantascumque
911 2977 1040 3040 possum
1067 2954 1186 3039 gratias
1211 2976 1283 3038 ago,

329 3068 437 3119 certus
452 3056 538 3140 quod
555 3061 583 3119 ei
599 3058 773 3121 centenarii
788 3078 905 3119 merces
917 3054 1067 3139 centupla
1082 3055 1284 3132 refundetur,

329 3167 361 3217 et
377 3156 504 3239 quando
519 3157 728 3242 condiscipuli
746 3160 849 3233 Petri,
862 3157 918 3242 qui
930 3156 998 3241 jam
1013 3155 1045 3217 in
1062 3168 1157 3241 portu
1173 3154 1283 3217 viden·
1326 3195 1328 3197 -

329 3266 384 3317 tur
398 3256 558 3337 navigare,
572 3271 682 3342 optata
699 3260 813 3323 littoris
829 3260 963 3323 statione
977 3257 1177 3343 gaudebunt,
1192 3267 1224 3318 et
1239 3254 1280 3319 ad

328 3354 620 3439 comprandendum
650 3357 778 3421 Christo
812 3359 932 3423 fuerint
968 3356 1103 3435 invitati,
1136 3367 1212 3418 tunc
1243 3366 1281 3418 ut

323 3456 451 3542 justum
466 3468 514 3521 est
535 3456 565 3518 in
581 3457 634 3520 illa
650 3459 796 3543 jucunda
812 3460 982 3525 relectione
997 3459 1025 3522 ei
1039 3458 1121 3521 inter
1135 3467 1280 3532 caeteros,

327 3569 359 3620 et
369 3579 436 3642 prae
445 3559 566 3621 caeteris
577 3557 664 3621 sedes
673 3557 809 3643 gloriosa
818 3555 1132 3645 parabitur‚eoquod
1141 3554 1282 3621 ecclesiae

326 3657 407 3720 filios
435 3658 560 3744 adjuvit
589 3661 770 3723 laborantes
798 3666 830 3724 in
861 3660 1055 3744 remigando.
1101 3658 1183 3721 Nam
1215 3678 1280 3742 qua

325 3759 430 3821 fronte
457 3774 532 3823 tuno
557 3763 769 3847 apparebunt,
790 3776 845 3827 aut
869 3762 947 3848 quid
975 3761 1091 3835 dicent,
1117 3760 1174 3845 qui
1200 3756 1280 3820 nibil

326 3859 437 3921 auxilii
459 3859 614 3926 laboranti
637 3864 765 3949 navigio
788 3864 1002 3928 contulerunt.
1048 3862 1132 3924 Nam
1156 3871 1278 3922 certum

324 3960 469 4045 estquod
482 3959 645 4026 ecclesiam
655 3963 888 4047 enavigabit‚et
901 3976 977 4027 tunc
988 3961 1192 4047 adjutoribus
1201 3957 1277 4035 suis,

324 4077 419 4146 prout
436 4064 572 4148 quisque
593 4063 777 4136 merebitur,
793 4064 853 4127 erit
867 4063 969 4148 gloria
988 4076 1020 4128 et
1035 4062 1179 4128 confusio
1195 4062 1277 4123 sicut

323 4162 597 4248 persequentibus,
615 4164 660 4226 ita
675 4161 892 4226 deserentibus
907 4182 986 4225 eam.
