<?xml version="1.0" encoding="UTF-8"?>
<!DOCTYPE html PUBLIC "-//W3C//DTD XHTML 1.0 Transitional//EN"
    "http://www.w3.org/TR/xhtml1/DTD/xhtml1-transitional.dtd">
<html xmlns="http://www.w3.org/1999/xhtml" xml:lang="en" lang="en">
 <head>
  <title>
</title>
<meta http-equiv="Content-Type" content="text/html;charset=utf-8" />
  <meta name='ocr-system' content='tesseract 3.04.00' />
  <meta name='ocr-capabilities' content='ocr_page ocr_carea ocr_par ocr_line ocrx_word'/>
</head>
<body>
  <div class='ocr_page' id='page_1' title='image "./joannissaresber11johngoog_0108.png"; bbox 0 0 3034 5200; ppageno 0'>
   <div class='ocr_carea' id='block_1_1' title="bbox 245 714 1188 793">
    <p class='ocr_par' dir='ltr' id='par_1_1' title="bbox 245 714 1188 793">
     <span class='ocr_line' id='line_1_1' title="bbox 245 714 1188 793; baseline -0.005 -16"><span class='ocrx_word' id='word_1_1' title='bbox 245 714 351 793; x_wconf 65' lang='lat'><strong>116⁷]</strong></span> <span class='ocrx_word' id='word_1_2' title='bbox 626 727 807 772; x_wconf 75' lang='lat' dir='ltr'>ncrsronu.</span> <span class='ocrx_word' id='word_1_3' title='bbox 1151 715 1188 773; x_wconf 87' lang='lat'>91</span> 
     </span>
    </p>
   </div>
   <div class='ocr_carea' id='block_1_2' title="bbox 156 879 1207 4397">
    <p class='ocr_par' dir='ltr' id='par_1_2' title="bbox 156 879 1207 4397">
     <span class='ocr_line' id='line_1_2' title="bbox 240 879 1193 967; baseline -0.005 -18"><span class='ocrx_word' id='word_1_4' title='bbox 240 885 430 949; x_wconf 88' lang='lat' dir='ltr'>tuariensem</span> <span class='ocrx_word' id='word_1_5' title='bbox 454 880 627 967; x_wconf 88' lang='lat' dir='ltr'>judicandi</span> <span class='ocrx_word' id='word_1_6' title='bbox 657 879 713 943; x_wconf 91' lang='lat' dir='ltr'>scd</span> <span class='ocrx_word' id='word_1_7' title='bbox 743 879 969 963; x_wconf 91' lang='lat' dir='ltr'>componendi,</span> <span class='ocrx_word' id='word_1_8' title='bbox 993 902 1051 944; x_wconf 88' lang='lat' dir='ltr'>rex</span> <span class='ocrx_word' id='word_1_9' title='bbox 1078 883 1118 944; x_wconf 92' lang='lat' dir='ltr'>ab</span> <span class='ocrx_word' id='word_1_10' title='bbox 1144 882 1193 944; x_wconf 90' lang='lat' dir='ltr'>eis</span> 
     </span>
     <span class='ocr_line' id='line_1_3' title="bbox 238 980 1194 1067; baseline -0.003 -20"><span class='ocrx_word' id='word_1_11' title='bbox 238 984 331 1067; x_wconf 88' lang='lat' dir='ltr'>petiit</span> <span class='ocrx_word' id='word_1_12' title='bbox 353 994 386 1048; x_wconf 91' lang='lat' dir='ltr'>et</span> <span class='ocrx_word' id='word_1_13' title='bbox 411 983 560 1061; x_wconf 88' lang='lat' dir='ltr'><strong>obtinuit,</strong></span> <span class='ocrx_word' id='word_1_14' title='bbox 583 991 619 1045; x_wconf 91' lang='lat' dir='ltr'>ut</span> <span class='ocrx_word' id='word_1_15' title='bbox 640 982 725 1044; x_wconf 92' lang='lat' dir='ltr'>hanc</span> <span class='ocrx_word' id='word_1_16' title='bbox 747 981 961 1045; x_wconf 85' lang='lat' dir='ltr'>humilitatem</span> <span class='ocrx_word' id='word_1_17' title='bbox 983 980 1052 1065; x_wconf 89' lang='lat' dir='ltr'>ejus</span> <span class='ocrx_word' id='word_1_18' title='bbox 1074 982 1194 1046; x_wconf 85' lang='lat' dir='ltr'>scribe-</span> 
     </span>
     <span class='ocr_line' id='line_1_4' title="bbox 239 1083 1196 1169; baseline -0.002 -20"><span class='ocrx_word' id='word_1_19' title='bbox 239 1098 311 1151; x_wconf 87' lang='lat' dir='ltr'>rent</span> <span class='ocrx_word' id='word_1_20' title='bbox 332 1085 462 1149; x_wconf 93' lang='lat' dir='ltr'>domino</span> <span class='ocrx_word' id='word_1_21' title='bbox 484 1106 579 1169; x_wconf 84' lang='lat' dir='ltr'>papae</span> <span class='ocrx_word' id='word_1_22' title='bbox 602 1095 635 1148; x_wconf 91' lang='lat' dir='ltr'>et</span> <span class='ocrx_word' id='word_1_23' title='bbox 655 1083 868 1146; x_wconf 84' lang='lat' dir='ltr'>sinceritatem</span> <span class='ocrx_word' id='word_1_24' title='bbox 892 1104 996 1146; x_wconf 84' lang='lat' dir='ltr'>causae</span> <span class='ocrx_word' id='word_1_25' title='bbox 1019 1083 1089 1168; x_wconf 90' lang='lat' dir='ltr'>ejus</span> <span class='ocrx_word' id='word_1_26' title='bbox 1111 1084 1196 1147; x_wconf 86' lang='lat' dir='ltr'>sicut</span> 
     </span>
     <span class='ocr_line' id='line_1_5' title="bbox 240 1182 1195 1267; baseline -0.006 -15"><span class='ocrx_word' id='word_1_27' title='bbox 240 1209 310 1252; x_wconf 89' lang='lat' dir='ltr'>eam</span> <span class='ocrx_word' id='word_1_28' title='bbox 334 1186 515 1251; x_wconf 86' lang='lat' dir='ltr'><strong>didicerant</strong></span> <span class='ocrx_word' id='word_1_29' title='bbox 530 1208 550 1250; x_wconf 89' lang='lat' dir='ltr'>a</span> <span class='ocrx_word' id='word_1_30' title='bbox 566 1184 765 1267; x_wconf 85' lang='lat' dir='ltr'>sapientibus</span> <span class='ocrx_word' id='word_1_31' title='bbox 780 1192 812 1246; x_wconf 91' lang='lat' dir='ltr'>et</span> <span class='ocrx_word' id='word_1_32' title='bbox 833 1182 994 1264; x_wconf 82' lang='lat' dir='ltr'>religiosis</span> <span class='ocrx_word' id='word_1_33' title='bbox 1008 1184 1083 1248; x_wconf 90' lang='lat' dir='ltr'>viris</span> <span class='ocrx_word' id='word_1_34' title='bbox 1106 1183 1195 1248; x_wconf 90' lang='lat' dir='ltr'>Ebo-</span> 
     </span>
     <span class='ocr_line' id='line_1_6' title="bbox 160 1284 1197 1369; baseline -0.002 -17"><span class='ocrx_word' id='word_1_35' title='bbox 160 1315 167 1328; x_wconf 89' lang='lat'>·</span> <span class='ocrx_word' id='word_1_36' title='bbox 238 1288 363 1352; x_wconf 82' lang='lat' dir='ltr'>recensi</span> <span class='ocrx_word' id='word_1_37' title='bbox 392 1287 636 1369; x_wconf 83' lang='lat' dir='ltr'>archiepiscopo</span> <span class='ocrx_word' id='word_1_38' title='bbox 666 1296 698 1348; x_wconf 91' lang='lat' dir='ltr'>et</span> <span class='ocrx_word' id='word_1_39' title='bbox 727 1285 888 1368; x_wconf 89' lang='lat' dir='ltr'>episcopis</span> <span class='ocrx_word' id='word_1_40' title='bbox 917 1284 1138 1350; x_wconf 91' lang='lat' dir='ltr'>Londoniensi</span> <span class='ocrx_word' id='word_1_41' title='bbox 1164 1296 1197 1350; x_wconf 83' lang='lat' dir='ltr'>et</span> 
     </span>
     <span class='ocr_line' id='line_1_7' title="bbox 241 1387 1196 1469; baseline -0.003 -15"><span class='ocrx_word' id='word_1_42' title='bbox 241 1389 436 1454; x_wconf 88' lang='lat' dir='ltr'>Cicestrensi</span> <span class='ocrx_word' id='word_1_43' title='bbox 459 1399 492 1451; x_wconf 88' lang='lat' dir='ltr'>et</span> <span class='ocrx_word' id='word_1_44' title='bbox 509 1387 716 1469; x_wconf 84' lang='lat' dir='ltr'>Wigomensi</span> <span class='ocrx_word' id='word_1_45' title='bbox 738 1387 967 1465; x_wconf 63' lang='lat' dir='ltr'>transmarinis</span> <span class='ocrx_word' id='word_1_46' title='bbox 981 1396 1014 1450; x_wconf 91' lang='lat' dir='ltr'>et</span> <span class='ocrx_word' id='word_1_47' title='bbox 1035 1387 1111 1450; x_wconf 92' lang='lat' dir='ltr'>item</span> <span class='ocrx_word' id='word_1_48' title='bbox 1134 1388 1196 1452; x_wconf 91' lang='lat' dir='ltr'>cis·</span> 
     </span>
     <span class='ocr_line' id='line_1_8' title="bbox 243 1486 1194 1570; baseline -0.005 -15"><span class='ocrx_word' id='word_1_49' title='bbox 243 1491 375 1555; x_wconf 86' lang='lat' dir='ltr'>marinis</span> <span class='ocrx_word' id='word_1_50' title='bbox 410 1487 677 1570; x_wconf 83' lang='lat' dir='ltr'>Rothomagensi,</span> <span class='ocrx_word' id='word_1_51' title='bbox 714 1486 910 1550; x_wconf 88' lang='lat' dir='ltr'>Lexoviensi</span> <span class='ocrx_word' id='word_1_52' title='bbox 944 1499 976 1551; x_wconf 87' lang='lat' dir='ltr'>et</span> <span class='ocrx_word' id='word_1_53' title='bbox 1009 1489 1194 1552; x_wconf 91' lang='lat' dir='ltr'>Baiocensi.</span> 
     </span>
     <span class='ocr_line' id='line_1_9' title="bbox 240 1588 1196 1675; baseline -0.002 -19"><span class='ocrx_word' id='word_1_54' title='bbox 240 1595 319 1656; x_wconf 86' lang='lat' dir='ltr'>Post</span> <span class='ocrx_word' id='word_1_55' title='bbox 344 1591 502 1675; x_wconf 88' lang='lat' dir='ltr'>processit</span> <span class='ocrx_word' id='word_1_56' title='bbox 524 1591 696 1674; x_wconf 90' lang='lat' dir='ltr'>episcopus</span> <span class='ocrx_word' id='word_1_57' title='bbox 719 1588 957 1652; x_wconf 90' lang='lat' dir='ltr'>Londoniensis</span> <span class='ocrx_word' id='word_1_58' title='bbox 982 1600 1014 1653; x_wconf 90' lang='lat' dir='ltr'>et</span> <span class='ocrx_word' id='word_1_59' title='bbox 1038 1611 1136 1672; x_wconf 90' lang='lat' dir='ltr'>quum</span> <span class='ocrx_word' id='word_1_60' title='bbox 1160 1592 1196 1654; x_wconf 91' lang='lat' dir='ltr'>in</span> 
     </span>
     <span class='ocr_line' id='line_1_10' title="bbox 241 1691 1198 1777; baseline -0.002 -19"><span class='ocrx_word' id='word_1_61' title='bbox 241 1694 519 1777; x_wconf 86' lang='lat' dir='ltr'>archiepiscopum</span> <span class='ocrx_word' id='word_1_62' title='bbox 557 1712 648 1755; x_wconf 91' lang='lat' dir='ltr'>suum</span> <span class='ocrx_word' id='word_1_63' title='bbox 685 1691 800 1754; x_wconf 91' lang='lat' dir='ltr'>veneni</span> <span class='ocrx_word' id='word_1_64' title='bbox 829 1692 963 1754; x_wconf 88' lang='lat' dir='ltr'>multum</span> <span class='ocrx_word' id='word_1_65' title='bbox 995 1693 1198 1771; x_wconf 85' lang='lat' dir='ltr'>evomuisset,</span> 
     </span>
     <span class='ocr_line' id='line_1_11' title="bbox 156 1789 1198 1878; baseline -0.003 -18"><span class='ocrx_word' id='word_1_66' title='bbox 156 1804 161 1809; x_wconf 83' lang='grc'><em>’</em></span> <span class='ocrx_word' id='word_1_67' title='bbox 243 1796 360 1860; x_wconf 87' lang='lat' dir='ltr'>obtulit</span> <span class='ocrx_word' id='word_1_68' title='bbox 382 1815 509 1858; x_wconf 89' lang='lat' dir='ltr'>causam</span> <span class='ocrx_word' id='word_1_69' title='bbox 541 1813 633 1855; x_wconf 86' lang='lat' dir='ltr'>suam</span> <span class='ocrx_word' id='word_1_70' title='bbox 663 1803 695 1854; x_wconf 89' lang='lat' dir='ltr'>et</span> <span class='ocrx_word' id='word_1_71' title='bbox 721 1789 854 1854; x_wconf 90' lang='lat' dir='ltr'>aliomm</span> <span class='ocrx_word' id='word_1_72' title='bbox 884 1791 1119 1875; x_wconf 90' lang='lat' dir='ltr'>episcoporum,</span> <span class='ocrx_word' id='word_1_73' title='bbox 1142 1795 1198 1878; x_wconf 93' lang='lat' dir='ltr'>qui</span> 
     </span>
     <span class='ocr_line' id='line_1_12' title="bbox 243 1893 1197 1976; baseline -0.004 -15"><span class='ocrx_word' id='word_1_74' title='bbox 243 1908 354 1962; x_wconf 89' lang='lat' dir='ltr'>contra</span> <span class='ocrx_word' id='word_1_75' title='bbox 375 1906 584 1960; x_wconf 91' lang='lat' dir='ltr'>memoratum</span> <span class='ocrx_word' id='word_1_76' title='bbox 601 1893 864 1957; x_wconf 91' lang='lat' dir='ltr'>Cantuariensem</span> <span class='ocrx_word' id='word_1_77' title='bbox 887 1895 1135 1976; x_wconf 84' lang='lat' dir='ltr'>appellaverant,</span> <span class='ocrx_word' id='word_1_78' title='bbox 1148 1897 1197 1958; x_wconf 92' lang='lat' dir='ltr'>in·</span> 
     </span>
     <span class='ocr_line' id='line_1_13' title="bbox 242 1993 1198 2077; baseline -0.005 -14"><span class='ocrx_word' id='word_1_79' title='bbox 242 2010 329 2063; x_wconf 88' lang='lat' dir='ltr'>stans</span> <span class='ocrx_word' id='word_1_80' title='bbox 350 1997 478 2060; x_wconf 91' lang='lat' dir='ltr'>nomine</span> <span class='ocrx_word' id='word_1_81' title='bbox 494 1997 584 2077; x_wconf 87' lang='lat' dir='ltr'>regni</span> <span class='ocrx_word' id='word_1_82' title='bbox 604 2005 637 2058; x_wconf 93' lang='lat' dir='ltr'>et</span> <span class='ocrx_word' id='word_1_83' title='bbox 651 1993 820 2058; x_wconf 88' lang='lat' dir='ltr'>sacerdotii</span> <span class='ocrx_word' id='word_1_84' title='bbox 840 2002 877 2057; x_wconf 89' lang='lat' dir='ltr'>ut</span> <span class='ocrx_word' id='word_1_85' title='bbox 896 1993 1058 2057; x_wconf 86' lang='lat' dir='ltr'>audiretur</span> <span class='ocrx_word' id='word_1_86' title='bbox 1072 2007 1105 2059; x_wconf 90' lang='lat' dir='ltr'>ct</span> <span class='ocrx_word' id='word_1_87' title='bbox 1125 1996 1198 2058; x_wconf 89' lang='lat' dir='ltr'>fini·</span> 
     </span>
     <span class='ocr_line' id='line_1_14' title="bbox 243 2094 1198 2180; baseline -0.004 -16"><span class='ocrx_word' id='word_1_88' title='bbox 243 2112 344 2164; x_wconf 87' lang='lat' dir='ltr'>retur:</span> <span class='ocrx_word' id='word_1_89' title='bbox 384 2099 497 2180; x_wconf 83' lang='lat' dir='ltr'>legatis</span> <span class='ocrx_word' id='word_1_90' title='bbox 519 2118 595 2161; x_wconf 87' lang='lat' dir='ltr'>vero</span> <span class='ocrx_word' id='word_1_91' title='bbox 622 2095 805 2159; x_wconf 86' lang='lat' dir='ltr'>dicentibus</span> <span class='ocrx_word' id='word_1_92' title='bbox 826 2094 936 2157; x_wconf 90' lang='lat' dir='ltr'>itidem</span> <span class='ocrx_word' id='word_1_93' title='bbox 959 2116 993 2158; x_wconf 91' lang='lat' dir='ltr'>se</span> <span class='ocrx_word' id='word_1_94' title='bbox 1015 2117 1081 2158; x_wconf 89' lang='lat' dir='ltr'>non</span> <span class='ocrx_word' id='word_1_95' title='bbox 1102 2118 1198 2180; x_wconf 90' lang='lat' dir='ltr'>posse</span> 
     </span>
     <span class='ocr_line' id='line_1_15' title="bbox 244 2195 1200 2285; baseline -0.004 -19"><span class='ocrx_word' id='word_1_96' title='bbox 244 2203 432 2285; x_wconf 87' lang='lat' dir='ltr'>compellere</span> <span class='ocrx_word' id='word_1_97' title='bbox 448 2199 711 2263; x_wconf 83' lang='lat' dir='ltr'>Cantuariensem</span> <span class='ocrx_word' id='word_1_98' title='bbox 728 2212 761 2260; x_wconf 88' lang='lat' dir='ltr'>et</span> <span class='ocrx_word' id='word_1_99' title='bbox 775 2195 868 2259; x_wconf 91' lang='lat' dir='ltr'>illum</span> <span class='ocrx_word' id='word_1_100' title='bbox 890 2197 976 2259; x_wconf 92' lang='lat' dir='ltr'>nolle</span> <span class='ocrx_word' id='word_1_101' title='bbox 995 2197 1200 2278; x_wconf 87' lang='lat' dir='ltr'>contendere,</span> 
     </span>
     <span class='ocr_line' id='line_1_16' title="bbox 243 2296 1199 2387; baseline -0.003 -22"><span class='ocrx_word' id='word_1_102' title='bbox 243 2302 387 2387; x_wconf 89' lang='lat' dir='ltr'>prompit</span> <span class='ocrx_word' id='word_1_103' title='bbox 408 2301 582 2383; x_wconf 90' lang='lat' dir='ltr'>episcopus</span> <span class='ocrx_word' id='word_1_104' title='bbox 605 2310 637 2362; x_wconf 90' lang='lat' dir='ltr'>et</span> <span class='ocrx_word' id='word_1_105' title='bbox 652 2298 706 2362; x_wconf 90' lang='lat' dir='ltr'>alii</span> <span class='ocrx_word' id='word_1_106' title='bbox 730 2299 785 2382; x_wconf 93' lang='lat' dir='ltr'>qui</span> <span class='ocrx_word' id='word_1_107' title='bbox 800 2296 943 2375; x_wconf 89' lang='lat' dir='ltr'>aderant,</span> <span class='ocrx_word' id='word_1_108' title='bbox 964 2296 1094 2360; x_wconf 92' lang='lat' dir='ltr'>nomine</span> <span class='ocrx_word' id='word_1_109' title='bbox 1109 2300 1199 2381; x_wconf 84' lang='lat' dir='ltr'>regni</span> 
     </span>
     <span class='ocr_line' id='line_1_17' title="bbox 247 2396 1201 2483; baseline -0.002 -16"><span class='ocrx_word' id='word_1_110' title='bbox 247 2414 278 2467; x_wconf 88' lang='lat' dir='ltr'>ct</span> <span class='ocrx_word' id='word_1_111' title='bbox 300 2400 485 2478; x_wconf 89' lang='lat' dir='ltr'>sacerdotii,</span> <span class='ocrx_word' id='word_1_112' title='bbox 507 2401 539 2465; x_wconf 94' lang='lat' dir='ltr'>iu</span> <span class='ocrx_word' id='word_1_113' title='bbox 566 2396 825 2483; x_wconf 89' lang='lat' dir='ltr'>appellationem,</span> <span class='ocrx_word' id='word_1_114' title='bbox 847 2399 1028 2462; x_wconf 88' lang='lat' dir='ltr'>inhibentes</span> <span class='ocrx_word' id='word_1_115' title='bbox 1052 2422 1094 2463; x_wconf 92' lang='lat' dir='ltr'>ne</span> <span class='ocrx_word' id='word_1_116' title='bbox 1118 2400 1201 2465; x_wconf 87' lang='lat' dir='ltr'>Cau-</span> 
     </span>
     <span class='ocr_line' id='line_1_18' title="bbox 244 2500 1200 2586; baseline 0 -21"><span class='ocrx_word' id='word_1_117' title='bbox 244 2501 417 2566; x_wconf 87' lang='lat' dir='ltr'>tuariensis</span> <span class='ocrx_word' id='word_1_118' title='bbox 429 2510 539 2564; x_wconf 89' lang='lat' dir='ltr'>contra</span> <span class='ocrx_word' id='word_1_119' title='bbox 554 2502 736 2563; x_wconf 89' lang='lat' dir='ltr'>altemtmm</span> <span class='ocrx_word' id='word_1_120' title='bbox 753 2500 876 2583; x_wconf 91' lang='lat' dir='ltr'>aliquid</span> <span class='ocrx_word' id='word_1_121' title='bbox 890 2500 1064 2581; x_wconf 88' lang='lat' dir='ltr'>innovaret,</span> <span class='ocrx_word' id='word_1_122' title='bbox 1077 2523 1200 2586; x_wconf 90' lang='lat' dir='ltr'>ponen-</span> 
     </span>
     <span class='ocr_line' id='line_1_19' title="bbox 244 2600 1199 2687; baseline 0 -20"><span class='ocrx_word' id='word_1_123' title='bbox 244 2612 292 2667; x_wconf 92' lang='lat' dir='ltr'>tes</span> <span class='ocrx_word' id='word_1_124' title='bbox 307 2612 478 2685; x_wconf 90' lang='lat' dir='ltr'>utrumque</span> <span class='ocrx_word' id='word_1_125' title='bbox 494 2604 554 2666; x_wconf 91' lang='lat' dir='ltr'>sub</span> <span class='ocrx_word' id='word_1_126' title='bbox 570 2601 768 2687; x_wconf 87' lang='lat' dir='ltr'>protectione</span> <span class='ocrx_word' id='word_1_127' title='bbox 785 2601 907 2663; x_wconf 89' lang='lat' dir='ltr'>domini</span> <span class='ocrx_word' id='word_1_128' title='bbox 926 2623 1019 2685; x_wconf 87' lang='lat' dir='ltr'>papae</span> <span class='ocrx_word' id='word_1_129' title='bbox 1035 2625 1136 2686; x_wconf 89' lang='lat' dir='ltr'>usque</span> <span class='ocrx_word' id='word_1_130' title='bbox 1157 2600 1199 2667; x_wconf 87' lang='lat' dir='ltr'>ad</span> 
     </span>
     <span class='ocr_line' id='line_1_20' title="bbox 246 2703 1199 2787; baseline 0.001 -21"><span class='ocrx_word' id='word_1_131' title='bbox 246 2703 331 2767; x_wconf 90' lang='lat' dir='ltr'>diem</span> <span class='ocrx_word' id='word_1_132' title='bbox 343 2704 684 2787; x_wconf 86' lang='lat' dir='ltr'>appellationis‚quam</span> <span class='ocrx_word' id='word_1_133' title='bbox 693 2713 942 2785; x_wconf 83' lang='lat' dir='ltr'>prorogaverunt</span> <span class='ocrx_word' id='word_1_134' title='bbox 950 2703 1110 2766; x_wconf 91' lang='lat' dir='ltr'>inannum</span> <span class='ocrx_word' id='word_1_135' title='bbox 1121 2707 1199 2767; x_wconf 88' lang='lat' dir='ltr'>alte-</span> 
     </span>
     <span class='ocr_line' id='line_1_21' title="bbox 244 2802 1201 2884; baseline -0.001 -15"><span class='ocrx_word' id='word_1_136' title='bbox 244 2828 325 2884; x_wconf 90' lang='lat' dir='ltr'>rum,</span> <span class='ocrx_word' id='word_1_137' title='bbox 337 2806 461 2870; x_wconf 90' lang='lat' dir='ltr'>scilicet</span> <span class='ocrx_word' id='word_1_138' title='bbox 476 2805 518 2869; x_wconf 90' lang='lat' dir='ltr'>ad</span> <span class='ocrx_word' id='word_1_139' title='bbox 533 2802 650 2868; x_wconf 87' lang='lat' dir='ltr'>festum</span> <span class='ocrx_word' id='word_1_140' title='bbox 662 2805 765 2868; x_wconf 87' lang='lat' dir='ltr'>sancti</span> <span class='ocrx_word' id='word_1_141' title='bbox 779 2804 922 2868; x_wconf 86' lang='lat' dir='ltr'>Martini.</span> <span class='ocrx_word' id='word_1_142' title='bbox 964 2805 1201 2868; x_wconf 91' lang='lat' dir='ltr'>Londoniensis</span> 
     </span>
     <span class='ocr_line' id='line_1_22' title="bbox 244 2906 1199 2992; baseline -0.002 -21"><span class='ocrx_word' id='word_1_143' title='bbox 244 2918 350 2971; x_wconf 87' lang='lat' dir='ltr'>tamen</span> <span class='ocrx_word' id='word_1_144' title='bbox 363 2908 519 2992; x_wconf 89' lang='lat' dir='ltr'>speciales</span> <span class='ocrx_word' id='word_1_145' title='bbox 532 2926 645 2971; x_wconf 85' lang='lat' dir='ltr'>causas</span> <span class='ocrx_word' id='word_1_146' title='bbox 656 2928 713 2990; x_wconf 94' lang='lat' dir='ltr'>pro</span> <span class='ocrx_word' id='word_1_147' title='bbox 726 2928 759 2970; x_wconf 90' lang='lat' dir='ltr'>se</span> <span class='ocrx_word' id='word_1_148' title='bbox 772 2906 891 2988; x_wconf 87' lang='lat' dir='ltr'>posuit,</span> <span class='ocrx_word' id='word_1_149' title='bbox 901 2906 1093 2989; x_wconf 87' lang='lat' dir='ltr'>impugnans</span> <span class='ocrx_word' id='word_1_150' title='bbox 1104 2907 1199 2969; x_wconf 89' lang='lat' dir='ltr'>liber-</span> 
     </span>
     <span class='ocr_line' id='line_1_23' title="bbox 244 3006 1201 3090; baseline 0.001 -19"><span class='ocrx_word' id='word_1_151' title='bbox 244 3018 342 3072; x_wconf 90' lang='lat' dir='ltr'>tatem</span> <span class='ocrx_word' id='word_1_152' title='bbox 357 3007 577 3083; x_wconf 89' lang='lat' dir='ltr'>ecclesiarum,</span> <span class='ocrx_word' id='word_1_153' title='bbox 592 3028 672 3090; x_wconf 89' lang='lat' dir='ltr'>quas</span> <span class='ocrx_word' id='word_1_154' title='bbox 684 3006 925 3072; x_wconf 85' lang='lat' dir='ltr'>Cantuariensis</span> <span class='ocrx_word' id='word_1_155' title='bbox 939 3007 1201 3090; x_wconf 85' lang='lat' dir='ltr'>archiepiscopus</span> 
     </span>
     <span class='ocr_line' id='line_1_24' title="bbox 244 3107 1202 3191; baseline 0.003 -21"><span class='ocrx_word' id='word_1_156' title='bbox 244 3109 344 3172; x_wconf 88' lang='lat' dir='ltr'>habet</span> <span class='ocrx_word' id='word_1_157' title='bbox 372 3107 407 3170; x_wconf 92' lang='lat' dir='ltr'>in</span> <span class='ocrx_word' id='word_1_158' title='bbox 435 3108 625 3191; x_wconf 89' lang='lat' dir='ltr'>episcopatu</span> <span class='ocrx_word' id='word_1_159' title='bbox 653 3110 747 3172; x_wconf 91' lang='lat' dir='ltr'>illius.</span> <span class='ocrx_word' id='word_1_160' title='bbox 800 3108 873 3180; x_wconf 90' lang='lat' dir='ltr'>Quo</span> <span class='ocrx_word' id='word_1_161' title='bbox 902 3110 986 3171; x_wconf 81' lang='lat' dir='ltr'>facto</span> <span class='ocrx_word' id='word_1_162' title='bbox 1016 3108 1202 3173; x_wconf 86' lang='lat' dir='ltr'>direxerunt</span> 
     </span>
     <span class='ocr_line' id='line_1_25' title="bbox 246 3207 1201 3294; baseline 0.003 -20"><span class='ocrx_word' id='word_1_163' title='bbox 246 3208 424 3274; x_wconf 85' lang='lat' dir='ltr'>cardinales</span> <span class='ocrx_word' id='word_1_164' title='bbox 450 3207 532 3271; x_wconf 87' lang='lat' dir='ltr'>duos</span> <span class='ocrx_word' id='word_1_165' title='bbox 557 3209 692 3271; x_wconf 87' lang='lat' dir='ltr'>nuncios</span> <span class='ocrx_word' id='word_1_166' title='bbox 724 3208 765 3272; x_wconf 92' lang='lat' dir='ltr'>ad</span> <span class='ocrx_word' id='word_1_167' title='bbox 791 3209 1064 3285; x_wconf 86' lang='lat' dir='ltr'>Cantuariensem,</span> <span class='ocrx_word' id='word_1_168' title='bbox 1091 3212 1147 3294; x_wconf 93' lang='lat' dir='ltr'>qui</span> <span class='ocrx_word' id='word_1_169' title='bbox 1171 3212 1201 3278; x_wconf 90' lang='lat' dir='ltr'>ei</span> 
     </span>
     <span class='ocr_line' id='line_1_26' title="bbox 247 3305 1203 3393; baseline 0.009 -25"><span class='ocrx_word' id='word_1_170' title='bbox 247 3306 396 3390; x_wconf 87' lang='lat' dir='ltr'>proxima</span> <span class='ocrx_word' id='word_1_171' title='bbox 418 3305 471 3370; x_wconf 90' lang='lat' dir='ltr'>die</span> <span class='ocrx_word' id='word_1_172' title='bbox 493 3318 566 3389; x_wconf 92' lang='lat' dir='ltr'>post</span> <span class='ocrx_word' id='word_1_173' title='bbox 588 3307 702 3370; x_wconf 86' lang='lat' dir='ltr'>festum</span> <span class='ocrx_word' id='word_1_174' title='bbox 719 3319 839 3372; x_wconf 85' lang='lat' dir='ltr'>sanctae</span> <span class='ocrx_word' id='word_1_175' title='bbox 862 3309 972 3372; x_wconf 85' lang='lat' dir='ltr'>Luciae</span> <span class='ocrx_word' id='word_1_176' title='bbox 995 3331 1203 3393; x_wconf 84' lang='lat' dir='ltr'>porrexemnt</span> 
     </span>
     <span class='ocr_line' id='line_1_27' title="bbox 247 3409 1202 3493; baseline 0.006 -22"><span class='ocrx_word' id='word_1_177' title='bbox 247 3410 380 3484; x_wconf 81' lang='lat' dir='ltr'>litterae,</span> <span class='ocrx_word' id='word_1_178' title='bbox 397 3409 514 3492; x_wconf 88' lang='lat' dir='ltr'>quibus</span> <span class='ocrx_word' id='word_1_179' title='bbox 532 3409 757 3474; x_wconf 90' lang='lat' dir='ltr'>continebatur</span> <span class='ocrx_word' id='word_1_180' title='bbox 778 3432 821 3473; x_wconf 85' lang='lat' dir='ltr'>ex</span> <span class='ocrx_word' id='word_1_181' title='bbox 844 3421 933 3493; x_wconf 87' lang='lat' dir='ltr'>parte</span> <span class='ocrx_word' id='word_1_182' title='bbox 956 3411 1054 3474; x_wconf 89' lang='lat' dir='ltr'>series</span> <span class='ocrx_word' id='word_1_183' title='bbox 1076 3412 1202 3490; x_wconf 90' lang='lat' dir='ltr'>horum,</span> 
     </span>
     <span class='ocr_line' id='line_1_28' title="bbox 248 3510 1203 3593; baseline 0.005 -20"><span class='ocrx_word' id='word_1_184' title='bbox 248 3521 281 3573; x_wconf 87' lang='lat' dir='ltr'>et</span> <span class='ocrx_word' id='word_1_185' title='bbox 294 3510 380 3573; x_wconf 91' lang='lat' dir='ltr'>idem</span> <span class='ocrx_word' id='word_1_186' title='bbox 396 3510 658 3593; x_wconf 86' lang='lat' dir='ltr'>archiepiscopus</span> <span class='ocrx_word' id='word_1_187' title='bbox 672 3511 901 3593; x_wconf 89' lang='lat' dir='ltr'>prohibebatur</span> <span class='ocrx_word' id='word_1_188' title='bbox 916 3532 959 3574; x_wconf 83' lang='lat' dir='ltr'>ex</span> <span class='ocrx_word' id='word_1_189' title='bbox 974 3525 1061 3593; x_wconf 88' lang='lat' dir='ltr'>parte</span> <span class='ocrx_word' id='word_1_190' title='bbox 1078 3514 1203 3578; x_wconf 90' lang='lat' dir='ltr'>domini</span> 
     </span>
     <span class='ocr_line' id='line_1_29' title="bbox 245 3611 1204 3697; baseline 0.005 -23"><span class='ocrx_word' id='word_1_191' title='bbox 245 3632 338 3693; x_wconf 87' lang='lat' dir='ltr'>papae</span> <span class='ocrx_word' id='word_1_192' title='bbox 355 3622 387 3675; x_wconf 89' lang='lat' dir='ltr'>et</span> <span class='ocrx_word' id='word_1_193' title='bbox 396 3614 572 3693; x_wconf 86' lang='lat' dir='ltr'>legatorum</span> <span class='ocrx_word' id='word_1_194' title='bbox 587 3611 709 3694; x_wconf 90' lang='lat' dir='ltr'>aliquid</span> <span class='ocrx_word' id='word_1_195' title='bbox 723 3612 827 3675; x_wconf 88' lang='lat' dir='ltr'>facere</span> <span class='ocrx_word' id='word_1_196' title='bbox 840 3621 951 3675; x_wconf 88' lang='lat' dir='ltr'>contra</span> <span class='ocrx_word' id='word_1_197' title='bbox 965 3612 1048 3675; x_wconf 89' lang='lat' dir='ltr'>hanc</span> <span class='ocrx_word' id='word_1_198' title='bbox 1060 3616 1204 3697; x_wconf 89' lang='lat' dir='ltr'>appella-</span> 
     </span>
     <span class='ocr_line' id='line_1_30' title="bbox 246 3709 1201 3800; baseline 0.009 -29"><span class='ocrx_word' id='word_1_199' title='bbox 246 3709 375 3789; x_wconf 90' lang='lat' dir='ltr'>tionem,</span> <span class='ocrx_word' id='word_1_200' title='bbox 402 3723 574 3793; x_wconf 86' lang='lat' dir='ltr'>antequam</span> <span class='ocrx_word' id='word_1_201' title='bbox 602 3711 734 3773; x_wconf 88' lang='lat' dir='ltr'>adeatur</span> <span class='ocrx_word' id='word_1_202' title='bbox 763 3711 911 3774; x_wconf 92' lang='lat' dir='ltr'>dominus</span> <span class='ocrx_word' id='word_1_203' title='bbox 937 3732 1032 3794; x_wconf 87' lang='lat' dir='ltr'>papa,</span> <span class='ocrx_word' id='word_1_204' title='bbox 1055 3714 1201 3800; x_wconf 86' lang='lat' dir='ltr'>episcopi</span> 
     </span>
     <span class='ocr_line' id='line_1_31' title="bbox 247 3812 1201 3896; baseline 0.006 -22"><span class='ocrx_word' id='word_1_205' title='bbox 247 3833 376 3896; x_wconf 91' lang='lat' dir='ltr'>quoque</span> <span class='ocrx_word' id='word_1_206' title='bbox 399 3812 481 3875; x_wconf 90' lang='lat' dir='ltr'>duos</span> <span class='ocrx_word' id='word_1_207' title='bbox 502 3812 641 3874; x_wconf 89' lang='lat' dir='ltr'>nuncios</span> <span class='ocrx_word' id='word_1_208' title='bbox 663 3813 818 3876; x_wconf 90' lang='lat' dir='ltr'>miserunt</span> <span class='ocrx_word' id='word_1_209' title='bbox 840 3813 1018 3875; x_wconf 88' lang='lat' dir='ltr'>Walterum</span> <span class='ocrx_word' id='word_1_210' title='bbox 1038 3826 1201 3880; x_wconf 91' lang='lat' dir='ltr'>cantorem</span> 
     </span>
     <span class='ocr_line' id='line_1_32' title="bbox 248 3912 1201 3980; baseline 0.003 -5"><span class='ocrx_word' id='word_1_211' title='bbox 248 3912 520 3976; x_wconf 87' lang='lat' dir='ltr'>Saresberiensem</span> <span class='ocrx_word' id='word_1_212' title='bbox 536 3925 569 3975; x_wconf 88' lang='lat' dir='ltr'>et</span> <span class='ocrx_word' id='word_1_213' title='bbox 586 3914 631 3975; x_wconf 89' lang='lat' dir='ltr'>M.</span> <span class='ocrx_word' id='word_1_214' title='bbox 647 3914 830 3977; x_wconf 88' lang='lat' dir='ltr'>Jocelinum</span> <span class='ocrx_word' id='word_1_215' title='bbox 849 3915 1075 3979; x_wconf 88' lang='lat' dir='ltr'>cancellarium</span> <span class='ocrx_word' id='word_1_216' title='bbox 1091 3917 1201 3980; x_wconf 88' lang='lat' dir='ltr'>Cices·</span> 
     </span>
     <span class='ocr_line' id='line_1_33' title="bbox 247 4012 1202 4098; baseline -0.001 -24"><span class='ocrx_word' id='word_1_217' title='bbox 247 4021 394 4091; x_wconf 88' lang='lat' dir='ltr'>treusem,</span> <span class='ocrx_word' id='word_1_218' title='bbox 419 4022 454 4076; x_wconf 89' lang='lat' dir='ltr'>ut</span> <span class='ocrx_word' id='word_1_219' title='bbox 479 4015 595 4076; x_wconf 86' lang='lat' dir='ltr'>factam</span> <span class='ocrx_word' id='word_1_220' title='bbox 627 4012 859 4078; x_wconf 89' lang='lat' dir='ltr'>denunciarent</span> <span class='ocrx_word' id='word_1_221' title='bbox 882 4017 1143 4098; x_wconf 85' lang='lat' dir='ltr'>appellationem,</span> <span class='ocrx_word' id='word_1_222' title='bbox 1169 4022 1202 4074; x_wconf 90' lang='lat' dir='ltr'>et</span> 
     </span>
     <span class='ocr_line' id='line_1_34' title="bbox 248 4110 1203 4197; baseline -0.004 -23"><span class='ocrx_word' id='word_1_223' title='bbox 248 4134 317 4177; x_wconf 88' lang='lat' dir='ltr'>eam</span> <span class='ocrx_word' id='word_1_224' title='bbox 330 4136 436 4177; x_wconf 91' lang='lat' dir='ltr'>coram</span> <span class='ocrx_word' id='word_1_225' title='bbox 453 4115 699 4197; x_wconf 88' lang='lat' dir='ltr'>archiepiscopo</span> <span class='ocrx_word' id='word_1_226' title='bbox 711 4116 908 4179; x_wconf 87' lang='lat' dir='ltr'>innovarent.</span> <span class='ocrx_word' id='word_1_227' title='bbox 946 4113 1010 4177; x_wconf 91' lang='lat' dir='ltr'>Sed</span> <span class='ocrx_word' id='word_1_228' title='bbox 1026 4110 1203 4190; x_wconf 87' lang='lat' dir='ltr'>archiepis·</span> 
     </span>
     <span class='ocr_line' id='line_1_35' title="bbox 250 4209 1202 4298; baseline -0.001 -25"><span class='ocrx_word' id='word_1_229' title='bbox 250 4233 349 4294; x_wconf 89' lang='lat' dir='ltr'>copus</span> <span class='ocrx_word' id='word_1_230' title='bbox 371 4215 596 4298; x_wconf 89' lang='lat' dir='ltr'>episcoporum</span> <span class='ocrx_word' id='word_1_231' title='bbox 619 4216 757 4278; x_wconf 89' lang='lat' dir='ltr'>nuncios</span> <span class='ocrx_word' id='word_1_232' title='bbox 780 4214 821 4278; x_wconf 91' lang='lat' dir='ltr'>ad</span> <span class='ocrx_word' id='word_1_233' title='bbox 844 4213 1040 4295; x_wconf 89' lang='lat' dir='ltr'>colloquium</span> <span class='ocrx_word' id='word_1_234' title='bbox 1059 4229 1124 4273; x_wconf 90' lang='lat' dir='ltr'>non</span> <span class='ocrx_word' id='word_1_235' title='bbox 1146 4209 1202 4272; x_wconf 90' lang='lat' dir='ltr'>ad·</span> 
     </span>
     <span class='ocr_line' id='line_1_36' title="bbox 250 4308 1207 4397; baseline -0.002 -23"><span class='ocrx_word' id='word_1_236' title='bbox 250 4313 353 4377; x_wconf 89' lang='lat' dir='ltr'>misit:</span> <span class='ocrx_word' id='word_1_237' title='bbox 384 4316 526 4397; x_wconf 91' lang='lat' dir='ltr'>eoquod</span> <span class='ocrx_word' id='word_1_238' title='bbox 548 4317 630 4377; x_wconf 88' lang='lat' dir='ltr'>inter</span> <span class='ocrx_word' id='word_1_239' title='bbox 652 4316 730 4378; x_wconf 89' lang='lat' dir='ltr'>alios</span> <span class='ocrx_word' id='word_1_240' title='bbox 753 4315 891 4377; x_wconf 88' lang='lat' dir='ltr'>nuncius</span> <span class='ocrx_word' id='word_1_241' title='bbox 914 4313 1058 4394; x_wconf 91' lang='lat' dir='ltr'>episcopi</span> <span class='ocrx_word' id='word_1_242' title='bbox 1075 4308 1207 4374; x_wconf 86' lang='lat' dir='ltr'>Londo-</span> 
     </span>
    </p>
   </div>
   <div class='ocr_carea' id='block_1_3' title="bbox 0 0 1536 5200">
    <p class='ocr_par' dir='ltr' id='par_1_3' title="bbox 0 0 1536 5200">
     <span class='ocr_line' id='line_1_37' title="bbox 0 0 1536 5200; baseline 0 0"><span class='ocrx_word' id='word_1_243' title='bbox 0 0 1536 5200; x_wconf 95' lang='lat' dir='ltr'> </span> 
     </span>
    </p>
   </div>
  </div>
 </body>
</html>
