3034 5200
318 691 378 753 194
592 703 727 748 Joauurs
744 700 1022 746 saassssnrsusrs
1172 682 1218 758 [a
1237 700 1268 744 n.

312 861 400 922 Dum
416 855 465 918 his
480 876 608 939 operam
623 853 701 916 dare
714 851 805 916 licuit
822 851 882 915 sub
905 849 963 914 alis
977 849 1103 928 vestris,
1115 860 1149 914 et
1163 860 1268 915 rotam

312 959 345 1020 in
361 957 467 1020 medio
478 965 557 1020 rotae
572 977 646 1019 cum
658 952 831 1039 Propheta,
844 952 941 1017 immo
955 972 1028 1015 cum
1044 950 1119 1015 filiis
1129 951 1269 1037 propbe-

311 1072 428 1137 tarum,
437 1057 590 1120 doctrinae
600 1068 714 1119 vestrae
722 1053 875 1117 beneficio
886 1050 1104 1137 contemplari,
1114 1063 1146 1115 et
1155 1050 1269 1117 audire

311 1181 369 1244 per
383 1182 418 1222 os
438 1171 578 1220 vestrum
595 1154 674 1241 qnid
697 1151 830 1240 spiritus
851 1151 1003 1236 loquatur
1024 1150 1174 1229 ecclesiis,
1188 1150 1268 1217 mibi

310 1257 394 1342 regis
412 1255 590 1340 Anglorum
607 1253 787 1338 indignatio
801 1252 874 1316 licet
889 1251 993 1316 multa
1007 1251 1109 1336 gratis
1123 1251 1268 1328 abstulit,

310 1372 416 1424 tamen
439 1378 593 1441 magnum
618 1355 684 1420 visa
706 1366 754 1419 est
769 1353 915 1418 attulisse
936 1351 1172 1438 compendium,
1187 1352 1268 1417 adeo

310 1471 349 1524 nt
364 1459 528 1523 fructuosa
548 1457 711 1546 videretur
730 1478 797 1519 esse
807 1456 945 1539 jactura,
962 1452 1109 1539 jucunda
1122 1452 1220 1532 laesio,
1234 1471 1268 1520 et

311 1571 404 1643 grata
415 1558 541 1645 injuria.
559 1558 622 1624 Sed
635 1579 733 1643 quum
746 1556 877 1619 avulsus
888 1577 958 1619 snm
970 1578 990 1619 a
1000 1555 1136 1640 pedibus
1147 1559 1271 1636 vestris,

312 1675 390 1725 tunc
410 1661 548 1745 primum
572 1657 730 1745 dispendii
753 1671 786 1721 et
808 1657 945 1722 laesionir
967 1655 1093 1720 aculeos
1114 1670 1267 1742 expertus

313 1760 406 1836 sensi,
431 1774 463 1824 et
489 1759 616 1845 quidem
641 1781 703 1821 nou
731 1757 828 1832 soluS,
853 1780 891 1820 eo
916 1756 1006 1842 qnod
1032 1759 1174 1820 omnium
1200 1757 1268 1823 fere

312 1859 501 1924 scholarium
513 1860 641 1944 jactura
656 1857 831 1921 communis
846 1870 905 1932 est,
921 1879 985 1921 non
1002 1857 1076 1944 quia
1091 1856 1194 1922 desint
1209 1859 1267 1944 qui

311 1959 437 2025 dicendi
463 1959 673 2046 profiteantur
698 1957 849 2037 officium,
875 1958 929 2023 sed
959 1958 1036 2044 quia
1064 1958 1181 2023 desunt
1209 1962 1269 2045 qui

312 2062 457 2125 doceant.
501 2060 652 2143 Magistri
678 2059 761 2123 enim
789 2071 863 2124 sunt
889 2060 1031 2144 plurimi,
1055 2059 1110 2125 sed
1131 2058 1268 2145 operarii

314 2160 426 2246 pauci:
458 2170 495 2222 ut
517 2159 679 2244 plerisque
701 2181 810 2222 eorum
834 2159 1018 2225 sedentibus
1032 2160 1065 2223 in
1081 2181 1178 2224 curru
1200 2163 1269 2227 Eu·

312 2259 410 2325 nuchi
429 2259 591 2347 AEtbiopis
620 2259 855 2325 ruminantibus
877 2260 991 2346 legem,
1015 2260 1167 2344 mysteria
1186 2283 1269 2347 prse-

313 2362 501 2427 conantibus
515 2375 547 2426 et
569 2363 737 2427 verborum
758 2361 899 2426 flosculis
919 2362 1087 2447 exquisitis
1104 2361 1266 2448 picturan-

314 2464 403 2528 tibus
427 2463 563 2550 speciem
587 2464 675 2529 verbi
702 2463 776 2541 Dei,
800 2463 914 2529 merito
936 2464 1000 2529 dici
1025 2462 1142 2549 possit:
1167 2465 1269 2529 Putas

313 2565 465 2651 intelligis
487 2588 560 2653 quae
575 2564 679 2651 legis?
709 2565 820 2632 Rediit
843 2570 958 2632 iterum
974 2564 1182 2632 miserationis
1203 2565 1267 2631 elo·

312 2668 414 2755 gium,
430 2668 507 2755 quia
527 2667 662 2733 adhaesit
681 2668 792 2753 lingua
813 2667 958 2733 lactentis
977 2667 1019 2732 ad
1034 2667 1176 2753 palatum
1198 2668 1269 2752 ejus

312 2773 346 2834 in
362 2770 431 2835 siti:
456 2770 582 2855 parvuli
597 2770 759 2855 petierunt
773 2791 900 2855 panem,
912 2781 943 2833 et
958 2790 1021 2832 non
1032 2782 1100 2834 erat
1115 2768 1172 2854 qui
1185 2769 1269 2831 fran-

313 2884 404 2956 geret
420 2872 473 2937 eis.
504 2874 630 2937 Horum
643 2893 727 2935 unus
737 2893 799 2954 ego
813 2868 853 2933 ad
869 2891 962 2955 quem
978 2868 1033 2933 ibo
1046 2867 1107 2933 nisi
1121 2867 1162 2932 ad
1177 2867 1268 2932 illum

314 2973 371 3057 qui
397 2995 511 3059 panem
537 2972 703 3059 discipulis
728 2972 875 3057 fraegere
901 2970 1076 3047 consuevit,
1103 2990 1140 3036 ut
1165 2970 1267 3054 digeri

313 3074 413 3159 possit
423 3087 455 3139 et
467 3074 600 3138 transire
612 3074 644 3137 in
657 3074 807 3138 alimenta
818 3073 958 3138 scientim
970 3084 1002 3137 et
1011 3074 1156 3136 morum?
1179 3071 1267 3135 Alios

313 3195 451 3257 namque
466 3173 563 3237 didici
579 3174 721 3259 integros
736 3186 768 3238 et
784 3175 882 3238 duros
897 3195 1057 3259 apponere
1071 3194 1179 3258 panes,
1194 3170 1268 3257 qui·

313 3272 375 3335 bus
386 3271 546 3335 auditores
561 3273 686 3336 facilius
702 3287 836 3359 possunt
847 3273 1040 3358 strangulari
1056 3295 1152 3357 quam
1170 3272 1266 3337 refici.

314 3374 431 3433 Precor
445 3393 522 3455 ergo
537 3372 563 3434 si
578 3372 695 3456 placet,
712 3386 749 3437 ut
765 3375 842 3437 mihi
859 3374 1029 3438 rescribere
1044 3374 1217 3458 dignemini
1233 3374 1266 3438 in

314 3496 380 3558 quo
395 3471 475 3537 libro
496 3484 623 3557 reperta
645 3470 683 3534 sit
705 3471 797 3556 glosa
818 3496 893 3557 quae
916 3474 1094 3557 Augustini
1115 3488 1268 3559 concepta

313 3575 439 3641 nomine
456 3575 553 3640 tradit
569 3576 592 3637 J
597 3574 704 3639 udaeos
719 3574 892 3639 celebrasse
904 3574 1074 3659 septimum
1090 3574 1185 3653 diem,
1197 3598 1266 3662 sep-

315 3678 423 3741 timam
453 3676 672 3765 septimanam,
704 3675 872 3763 septimum
901 3696 1051 3756 mensem,
1082 3678 1138 3741 bc.
1183 3678 1268 3743 Nam

315 3778 488 3843 secundnm
518 3781 566 3845 M.
586 3779 717 3844 Petrum
743 3790 792 3843 ter
813 3778 845 3842 in
868 3776 1018 3864 psalterio
1040 3776 1144 3861 posita
1165 3789 1213 3841 est
1234 3792 1267 3843 et

315 3878 346 3941 in
362 3876 504 3962 epistolis
519 3880 623 3944 semel.
669 3879 737 3942 Nec
752 3879 795 3942 ob
817 3878 877 3942 hoc
891 3899 1002 3964 quaero
1024 3876 1100 3961 quia
1112 3876 1267 3961 septimus

315 4002 416 4045 annus
430 3980 572 4065 septima
587 3978 714 4042 decadis
729 3978 774 4043 ibi
790 3979 909 4044 dicitnr
925 3977 1087 4063 jubilaeus.
1133 3980 1266 4044 Constat

314 4082 397 4146 enim
420 4080 581 4168 quomodo
604 4078 702 4143 soleat
727 4078 780 4143 hic
802 4079 957 4145 articulus
981 4079 1155 4164 explanari.
1204 4080 1265 4145 Sed

315 4186 392 4271 quia
414 4197 536 4249 certum
559 4194 606 4246 est
622 4180 756 4246 Judaos
778 4203 953 4267 numquam
971 4180 1142 4268 jubilaeum
1165 4183 1267 4248 idest

315 4287 609 4375 quinquagesimum
621 4287 802 4354 celebrasse.
851 4289 920 4350 Aut
944 4285 1058 4371 siquis
1080 4286 1139 4352 boc
1154 4284 1266 4360 credit,
