3034 5200
301 709 414 788 11682]
692 722 873 769 amsroua.
1197 707 1256 765 108

298 878 577 942 insensibilitatem
604 877 694 955 dicit,
716 876 815 941 Stoici
847 874 1034 957 pradicant,
1062 874 1118 936 sed
1145 895 1255 937 eorum

296 979 406 1062 opinio
417 982 553 1062 explosa
568 988 617 1041 est
629 978 817 1041 fidelissima
827 977 949 1038 ratione
961 987 994 1039 ct
1005 976 1119 1038 virtute
1135 976 1252 1039 rectius

297 1080 591 1163 philosophantium
614 1090 657 1157 et,
680 1080 768 1163 quod
784 1078 1041 1161 potentissimum
1062 1091 1122 1154 est,
1146 1078 1253 1141 Sacrae

295 1181 467 1266 Scripturas
489 1182 661 1266 praeceptis
681 1192 714 1244 et
734 1180 904 1262 exemplis.
949 1178 1072 1241 Videas
1093 1178 1254 1241 Dominus

295 1283 468 1363 civitatem,
479 1284 533 1349 cui
542 1284 623 1365 legis
635 1294 701 1346 erat
713 1281 859 1347 custodia
867 1292 901 1344 et
912 1281 1109 1364 dispensatio
1122 1279 1255 1357 credita,

295 1385 479 1448 Scribarum
502 1397 533 1448 et
555 1386 787 1449 Pharisaeorum
815 1405 887 1467 quae
910 1404 969 1446 sua
990 1393 1066 1445 sunt
1088 1404 1153 1445 non
1178 1403 1250 1465 qua

297 1483 431 1548 Domini
451 1485 658 1568 quarentium
675 1483 900 1548 traditionibus
916 1484 979 1564 agi,
994 1494 1026 1546 et
1041 1485 1206 1567 imponere
1219 1484 1253 1546 in

296 1586 448 1648 humeros
463 1586 625 1647 hominum
638 1607 735 1648 onera
745 1586 891 1668 graviora
906 1596 939 1648 ct
953 1585 1169 1668 importabilia
1180 1605 1252 1667 quie

297 1709 357 1750 nec
375 1688 474 1768 digito
490 1687 727 1767 contingebant,
744 1696 778 1750 et
799 1686 909 1749 sedere
925 1688 957 1749 in
973 1687 1127 1750 cathedra
1146 1686 1256 1769 Moysi

297 1790 467 1871 loquentes
482 1787 659 1851 secundum
674 1789 791 1868 legem,
808 1799 840 1851 et
855 1788 997 1852 viventes
1012 1798 1124 1851 contra
1137 1789 1254 1869 legem,

298 1890 384 1953 flevit
413 1911 508 1974 super
538 1890 625 1952 illam
654 1911 695 1952 eo
725 1890 814 1973 quod
842 1889 946 1973 ipsam
974 1890 1104 1952 videbat
1132 1888 1253 1951 meritis

296 1991 500 2073 exigentibus
516 1991 551 2052 in
567 1989 654 2053 brevi
667 1990 828 2053 mituram.
859 1991 1056 2072 Exemplum
1072 2011 1147 2071 ergo
1163 1987 1254 2051 dedit

295 2092 446 2156 fidelibus
461 2092 606 2156 similiter
620 2090 774 2166 faciendi,
791 2092 867 2175 quia
885 2092 1047 2172 flagellum
1062 2091 1165 2153 simile
1181 2111 1253 2172 pro·

295 2206 409 2258 vocant
424 2195 546 2258 Seribae
567 2204 600 2256 et
620 2193 776 2256 Pharisaei
792 2194 944 2277 temporis
966 2194 1077 2256 nostri.
1121 2193 1166 2255 Et
1180 2190 1250 2254 haec

295 2297 423 2380 quidem
430 2297 518 2379 justa
529 2306 634 2379 potest
646 2316 717 2359 esse
727 2307 761 2359 et
770 2308 820 2359 est
830 2316 929 2360 causa
940 2295 1068 2358 doloris.
1091 2295 1252 2358 Caetemm

295 2419 369 2461 cum
384 2399 436 2460 his
449 2400 533 2460 bene
554 2397 657 2477 agitur
677 2418 772 2480 super
795 2418 928 2481 quorum
950 2397 1115 2478 naufragio
1133 2396 1254 2458 sollici·

294 2500 420 2573 tamini,
433 2499 509 2583 quia
522 2499 625 2581 perire
639 2521 705 2562 non
722 2509 857 2581 possunt
872 2498 984 2582 quide
999 2498 1133 2562 brachio
1148 2499 1253 2562 homi·

295 2601 346 2664 nis
369 2601 476 2685 rejecti
502 2601 633 2663 suntin
661 2602 768 2664 sinum
793 2602 971 2666 clementiae
1002 2602 1074 2665 Dei.
1127 2603 1250 2666 Eorum

294 2725 372 2785 ergo
381 2704 540 2779 liberatio,
552 2703 637 2786 quod
647 2703 730 2766 fides
740 2703 923 2766 indubitata
932 2724 1057 2787 sperare
1067 2703 1250 2786 persuadet,

292 2807 327 2868 in
352 2807 501 2890 proximo
524 2817 583 2883 est,
597 2806 682 2889 .quia
707 2805 794 2867 illius
817 2804 975 2889 adjutorio
998 2804 1143 2867 derelicti
1164 2813 1249 2881 sunt,

294 2908 349 2990 qui
364 2929 537 2992 pauperem
559 2908 673 2970 liberat
689 2925 709 2967 a
724 2916 855 2990 potente
871 2916 902 2969 et
917 2926 1089 2990 pauperem
1112 2907 1164 2969 cui
1179 2928 1245 2969 non

294 3018 343 3072 est
357 3008 491 3092 adjutor.
536 3009 657 3092 Utique
681 3008 883 3072 dilectissimi
904 3007 967 3070 mei
988 3008 1034 3071 sic
1056 3007 1190 3091 expedit
1205 3030 1248 3073 ex

294 3110 391 3171 variis
406 3109 521 3183 causis,
536 3118 604 3170 tum
619 3108 750 3190 quidem
765 3120 802 3171 ut
821 3109 881 3171 soli
897 3111 970 3172 Deo
985 3110 1120 3173 obnoxii
1135 3113 1200 3175 sint
1216 3123 1248 3175 et

295 3209 442 3272 devotius
467 3210 658 3272 famulentur
683 3210 801 3273 Christi
825 3231 983 3294 pauperes
1008 3233 1105 3295 quum
1132 3213 1249 3277 suerint

294 3307 448 3393 expediti,
456 3323 525 3372 tum
542 3331 582 3371 ue
597 3310 681 3373 avari
694 3321 726 3374 et
738 3310 871 3375 fastuosi
887 3332 969 3395 quos
979 3312 1081 3374 nostis
1092 3313 1250 3390 homines,

292 3412 327 3474 in
350 3432 440 3475 suam
462 3423 495 3475 et
517 3412 650 3475 aliorum
671 3413 846 3496 perniciem
870 3414 1016 3496 rapiandi
1038 3424 1071 3477 et
1094 3416 1248 3497 gloriandi

292 3515 455 3578 materiam
469 3515 619 3593 habeant,
632 3526 665 3579 et
678 3515 929 3578 intumescentes
945 3529 1055 3578 eontra
1071 3517 1247 3582 Dominum

293 3627 324 3681 et
349 3618 517 3681 ecclesiam
541 3618 605 3680 Dei
626 3618 786 3681 beneficio
809 3616 995 3701 expeditam
1018 3621 1246 3684 conculcantes

295 3718 413 3795 dicant,
429 3720 549 3781 Manus
570 3726 679 3781 nostra
699 3718 829 3782 excelsa
851 3728 882 3781 et
904 3738 969 3780 non
993 3718 1152 3798 meinus
1174 3720 1248 3784 fecit

290 3820 493 3883 haecomnia
540 3820 624 3882 Nam
640 3818 695 3902 qui
718 3818 844 3883 dubitat
863 3818 1031 3882 ecclesiam
1046 3820 1245 3884 liberandam

291 3932 323 3984 et
351 3922 580 4005 promissiones
611 3919 732 3983 Christi
768 3920 991 4003 adimplendas
1020 3943 1089 3985 esse
1119 3921 1246 4001 diffidit,

290 4023 442 4105 indiguus
458 4035 506 4085 est
520 4023 643 4086 censeri
654 4023 786 4085 nomine
798 4022 991 4087 Christiano.
1030 4022 1123 4084 Nihil
1137 4024 1245 4103 itaque

288 4126 395 4189 minus
420 4125 557 4189 timeatis
585 4146 681 4208 quam
708 4134 743 4187 ut
768 4124 855 4187 filius
884 4125 926 4188 ad
955 4122 1120 4204 flagellum
1145 4123 1245 4203 patris

290 4237 436 4309 emmpat
457 4227 490 4288 in
513 4226 779 4307 indignationem,
801 4226 842 4287 ad
869 4223 1112 4306 castigationem
1136 4243 1246 4289 servus

290 4328 505 4392 obmurmuret
520 4327 676 4392 emdienti
693 4327 856 4407 magistro,
867 4326 1046 4409 discipulus
1062 4322 1246 4404 indignetur
