3034 5200
282 750 345 807 292
547 757 681 802 ioannis
698 753 976 798 sanusnnamnms
1139 736 1186 814 [s.
1205 756 1236 798 o.

285 909 448 987 exultavit,
474 907 549 994 quia
573 927 626 969 vos
650 904 741 968 nobis
767 905 799 966 in
824 914 981 989 pastorem
1005 902 1144 965 electum
1173 925 1239 967 nou

286 1011 436 1077 revelavit
450 1031 522 1072 caro
538 1021 570 1070 et
585 1006 721 1088 sanguis,
733 1006 789 1069 sed
805 1011 900 1071 Pater
912 1017 1018 1069 noster
1031 1005 1087 1090 qui
1102 1004 1135 1067 in
1148 1006 1239 1070 coelis

284 1128 341 1191 est,
365 1113 492 1177 visitans
515 1132 571 1173 nos
593 1107 697 1171 oriens
719 1130 759 1171 ex
781 1108 856 1171 alto.
913 1109 1086 1172 Sanctam
1108 1107 1237 1172 dissona

284 1216 449 1282 hominum
462 1225 543 1293 vota,
554 1223 602 1276 tot
611 1211 711 1275 varias
726 1211 882 1275 mentium
896 1211 1084 1286 voluntates,
1094 1212 1237 1275 adunare

286 1343 349 1385 non
370 1318 473 1404 potuit
492 1316 551 1380 nisi
572 1313 699 1399 spiritus
716 1314 857 1395 unitatis,
871 1315 951 1377 adeo
967 1325 1003 1377 ut
1017 1314 1238 1379 indubitanter

285 1425 325 1487 sit
339 1421 469 1486 evidens
483 1441 557 1484 eum
573 1439 669 1503 quem
685 1417 813 1502 spiritus
827 1417 987 1494 revelavit,
1001 1417 1125 1481 coelitus
1139 1418 1238 1481 desti·

285 1537 406 1590 natum.
452 1522 560 1588 Curiae
582 1520 702 1583 coelesti
723 1518 878 1603 gaudium
899 1519 1042 1584 intulisse
1065 1520 1234 1596 credimus,

286 1628 372 1714 quod
393 1627 497 1691 beatae
513 1621 653 1706 Virginis
668 1622 813 1700 ecclesia,
828 1645 886 1707 per
902 1622 1055 1707 Spiritum
1081 1624 1236 1687 Sanctum

285 1729 476 1815 concipiens,
492 1725 644 1790 dilectum
662 1725 733 1789 Deo
748 1740 781 1790 et
796 1725 978 1790 hominibus
992 1737 1149 1813 pastorem
1164 1748 1237 1809 ger·

286 1830 426 1896 minavit.
473 1827 733 1892 Acclamantibus
755 1828 862 1914 itaque
885 1828 1028 1892 omnium
1051 1828 1131 1892 votis
1153 1827 1236 1892 desi-

286 1933 431 1998 duratum
455 1931 514 1995 sibi
536 1929 684 2015 postulat,
701 1943 734 1993 et
755 1930 796 1994 ad
815 1930 969 1995 dilectum
984 1941 1016 1994 et
1032 1931 1073 1994 ad
1093 1931 1232 1996 electum

284 2035 344 2100 sibi
366 2035 587 2098 incunctanter
607 2031 724 2115 aspirat
751 2033 955 2097 Camotensis
977 2032 1120 2110 ecclesia,
1142 2056 1235 2119 spon·

284 2137 373 2222 sique
389 2132 545 2197 desiderio
554 2133 623 2216 jam
638 2132 847 2216 languescens
860 2135 1032 2201 Osculetur
1045 2158 1110 2218 me,
1118 2135 1232 2223 inquit,

283 2236 390 2303 osculo
404 2235 466 2300 oris
488 2233 545 2299 sui.
592 2233 716 2318 Urgent
735 2257 826 2300 arnor
848 2236 965 2302 Christi
981 2260 1055 2302 eum
1076 2239 1131 2325 qui
1151 2240 1233 2323 regis

281 2340 358 2404 filiae
380 2337 578 2402 desideratur
599 2336 809 2422 amplexibus,
833 2352 866 2403 et
888 2339 1023 2403 stimulis
1044 2340 1234 2405 salutaribus

282 2451 515 2528 compungatur
540 2439 595 2526 qui
616 2438 658 2504 ad
681 2438 744 2504 Dei
770 2440 852 2505 filios
874 2441 1092 2527 propagandos
1117 2443 1234 2507 Christi

281 2568 381 2633 gener
409 2543 545 2629 eligitur.
597 2542 775 2608 Erubescat
804 2567 938 2630 regnum
968 2545 1120 2611 coelorum
1150 2546 1234 2612 solus

281 2648 416 2735 ingredi,
438 2647 489 2711 cui
511 2645 610 2710 divini
632 2644 785 2729 germinis
806 2668 924 2732 pompa
944 2647 1080 2731 gloriosa
1101 2649 1233 2734 promit·

280 2751 374 2829 titur3
412 2761 445 2815 et
474 2749 528 2835 qui
558 2770 706 2812 coronam
742 2770 870 2813 auream
901 2750 1042 2815 creditur
1070 2751 1233 2833 meruisse,

280 2852 407 2939 gloriosi
428 2852 536 2916 labore
559 2849 652 2914 officii
674 2863 834 2915 mereatur
856 2864 1019 2919 aeternam.
1069 2853 1232 2920 Mittimus

281 2978 357 3040 ergo
378 2954 488 3019 advos
511 2975 551 3017 ex
573 2952 711 3038 capitulo
734 2966 841 3017 nostro
863 2976 1011 3040 personas
1033 2955 1232 3040 spectabiles,

280 3057 437 3121 decanum
467 3054 626 3132 videlicet,
657 3065 819 3119 cantorem
848 3068 882 3121 et
911 3057 1146 3135 cancellarium,
1175 3059 1232 3145 qui

280 3155 493 3221 universitatis
518 3165 634 3220 nostr-se
660 3167 803 3220 mentem
826 3156 914 3221 vobis
936 3157 1079 3234 offerant,
1103 3169 1136 3222 et
1157 3181 1231 3244 per-

278 3278 388 3321 sonam
399 3269 534 3322 vcstram
547 3257 751 3342 postulantes,
765 3259 859 3323 vestri
871 3260 1025 3325 adventus
1035 3260 1228 3325 desiderium

279 3359 349 3424 vivs
364 3358 454 3423 nobis
469 3380 545 3422 voce
561 3360 765 3426 denuncient.
