3034 5200
324 698 383 757 172
588 709 726 753 scamus
741 706 1023 752 sanusuuruunsrs
1177 686 1224 760 [a.
1243 703 1265 745 u

318 859 463 923 molestia
478 857 636 941 exigendi,
675 856 770 920 Hanc
790 855 873 919 inter
895 875 952 918 uos
965 851 1082 917 servari
1100 849 1196 936 cupio
1219 849 1275 936 qui

317 959 490 1024 amicitiam
516 959 720 1045 profitemur:
751 967 785 1021 et
807 956 831 1020 si
858 968 967 1020 contra
989 955 1077 1019 illam
1100 974 1275 1032 excessero,

317 1061 402 1125 malo
417 1060 531 1146 corripi
546 1082 643 1146 quam
659 1059 771 1124 audiri.
808 1058 967 1144 Compelli
982 1079 1110 1143 quoque
1125 1054 1273 1119 desidero

315 1165 341 1227 si
356 1163 591 1248 opportunitate
607 1160 722 1225 collata
736 1159 769 1222 in
788 1160 982 1246 exequendis
997 1159 1107 1224 officiis
1120 1157 1272 1223 amicitiae
1289 1161 1292 1166 ’

315 1266 404 1329 luero
433 1264 609 1351 pigritatus.
663 1262 749 1337 Quia
779 1284 855 1347 ergo
889 1283 999 1347 proces
1030 1283 1109 1347 quas
1138 1258 1270 1324 domiuo

314 1367 526 1433 Wintouieusi
542 1365 682 1452 prorrexi
694 1365 734 1428 de
749 1364 915 1428 honestate
928 1365 1083 1442 nituntur,
1094 1384 1147 1426 eas
1159 1384 1272 1448 precor

313 1479 416 1534 vestra
435 1467 592 1532 industria
609 1467 798 1552 promoveri.
845 1465 888 1529 Et
905 1465 1035 1553 quidem
1059 1487 1122 1527 uon
1143 1485 1200 1548 pro
1214 1485 1268 1525 ma

312 1592 399 1654 rogo,
415 1569 471 1634 sed
493 1591 550 1654 pro
572 1568 635 1632 alio
657 1567 709 1631 cui
731 1566 833 1651 magis
855 1567 980 1630 debitor
1002 1589 1069 1630 esse
1092 1565 1266 1630 intercedo.

314 1671 397 1735 Nam
428 1694 486 1756 pro
511 1692 564 1734 me
590 1670 711 1756 precari
738 1691 865 1754 semper
889 1669 1015 1750 erubui,
1038 1668 1114 1732 licet
1140 1689 1267 1752 semper

310 1771 442 1855 gerendi
465 1770 593 1854 negotia
615 1771 788 1834 amicorum
811 1769 1079 1855 promptissimam
1097 1768 1265 1832 habuerim

310 1874 516 1938 voluntatem.
556 1871 715 1936 Dominus
728 1873 879 1938 Cautuar.
892 1872 956 1936 suis
969 1871 1074 1935 adhuc
1089 1869 1265 1955 stipendiis,

310 1974 370 2040 nisi
385 1986 541 2062 quatenus
558 1972 818 2037 Christianissimi
830 1973 911 2056 regis
928 1974 1122 2038 Francorum
1138 1985 1262 2037 susten·

309 2090 395 2140 tatur
429 2074 659 2153 munificentia,
689 2096 746 2159 pro
777 2074 923 2139 libertate
960 2073 1103 2138 ecclesiae
1132 2073 1260 2152 militat,

308 2181 383 2240 exul
397 2188 431 2239 et
445 2174 646 2260 proscriptus,
661 2186 694 2238 et
709 2174 742 2237 in
757 2186 824 2239 tota
839 2175 1020 2260 Anglioana
1034 2175 1168 2240 ecclesia
1183 2198 1262 2261 pau·

308 2277 449 2343 cissimos
463 2277 581 2362 reperit
592 2277 761 2365 adjutores.
786 2280 923 2343 Causam
936 2300 999 2342 nou
1012 2277 1078 2362 agit
1089 2279 1260 2364 propriam,

306 2379 362 2443 sed
379 2400 591 2443 communem.
639 2378 821 2442 Consolatio
842 2380 911 2463 ejus
932 2380 1075 2442 omnium
1098 2381 1260 2465 profectus

306 2492 363 2547 est.
396 2481 463 2546 Sibi
474 2492 508 2545 et
519 2480 582 2544 suis
594 2503 706 2566 paoem
717 2481 828 2546 fecisse
840 2494 975 2566 poterat,
986 2483 1012 2546 si
1025 2483 1259 2569 persequutori-

305 2584 365 2650 bus
381 2584 524 2649 ecclesiae
546 2590 666 2651 clerum
683 2584 831 2650 voluisset
853 2608 1021 2671 exponere.
1069 2586 1142 2651 Non
1165 2586 1258 2651 video

305 2687 361 2752 ubi
371 2688 519 2753 dominus
532 2688 755 2753 Wintoniensis
770 2687 868 2772 possit
878 2688 1090 2752 thesaurizare
1102 2688 1258 2752 salubrius

304 2790 388 2854 iuter
402 2813 512 2855 omues
535 2789 733 2876 elemosynas
753 2811 832 2874 quas
854 2789 996 2854 ecclesiis
1017 2800 1051 2854 et
1064 2790 1257 2876 pauperibus

303 2904 423 2977 erogat,
439 2914 536 2986 quam
552 2892 577 2955 si
594 2890 712 2955 Christi
733 2891 914 2976 proscriptis
934 2891 990 2978 qui
1013 2916 1047 2957 se
1069 2905 1103 2958 et
1120 2916 1176 2958 sua
1197 2915 1255 2978 pro

297 2993 422 3077 justitia
445 3002 668 3078 exposuerunt,
692 3003 724 3055 et
747 3014 805 3078 pro
828 2992 975 3057 libertate
999 2993 1144 3059 ecclesiae
1165 2994 1256 3058 susti-

302 3107 391 3170 nent,
421 3095 506 3179 quod
536 3094 596 3157 sibi
622 3094 725 3159 risum
751 3093 847 3158 fuerit
872 3094 1042 3179 largiatur:
1077 3096 1253 3183 praesertim

301 3216 401 3279 quum
417 3206 539 3279 patrem
552 3217 643 3258 suum
661 3196 805 3260 etlilium
821 3196 1059 3287 quimultorum
1076 3221 1173 3263 onera
1184 3219 1255 3284 por-

301 3304 358 3374 tat,
370 3304 494 3357 tantum
510 3318 566 3379 pro
581 3297 651 3380 lege
665 3298 728 3361 Dei
743 3299 851 3363 videat
861 3300 1028 3365 incurrisse
1042 3299 1251 3383 naufragium.

303 3395 432 3459 Patrem
459 3395 541 3476 dico,
567 3398 643 3482 quia
671 3399 702 3463 ei
731 3403 965 3487 metropolitico
989 3402 1062 3486 jure
1092 3400 1250 3486 praesidet.

303 3496 419 3560 Filium
443 3520 517 3562 vero
532 3498 587 3585 qui
610 3500 650 3564 de
670 3522 768 3565 mauu
791 3505 859 3588 ejus
878 3502 1120 3569 consecrationis
1135 3525 1253 3567 munus

298 3599 431 3685 accepit.
479 3601 553 3685 Ipse
575 3600 661 3663 euim
677 3625 710 3667 se
728 3602 775 3666 illi
791 3605 880 3669 dedit
897 3605 930 3668 in
950 3603 1051 3669 filiurn
1066 3625 1163 3690 quern
1182 3625 1250 3688 prae

298 3701 422 3764 caeteris
446 3701 648 3768 desiderabat
668 3704 787 3770 habere
808 3720 943 3792 patrem,
964 3707 1093 3793 quando
1114 3729 1187 3771 eum
1208 3704 1250 3768 ad

298 3801 358 3864 hoe
369 3801 466 3885 elegit
475 3802 630 3870 officium:
656 3807 740 3869 unde
752 3806 793 3870 ab
805 3808 963 3893 aliquibus
974 3809 1107 3873 fratrum
1118 3826 1246 3869 suorum

297 3903 441 3969 stimulos
459 3904 587 3969 invidiae
611 3908 717 3973 sentit.
763 3910 879 3975 Nonne
901 3912 972 3995 plus
993 3911 1067 3973 huic
1089 3908 1187 3971 debet
1208 3928 1248 3970 ex

290 4006 366 4090 jure
378 4005 557 4091 multiplici,
570 4030 666 4093 quam
682 4008 829 4074 debuerit
843 4011 1001 4074 Willolmo
1016 4011 1110 4073 bonae
1125 4030 1248 4072 memo·

297 4108 352 4172 riae
367 4109 603 4194 archiepiscopo
621 4110 825 4187 Eboraceusi,
844 4133 939 4198 quem
961 4110 1044 4175 sedis
1064 4109 1247 4196 apostolicae

295 4211 452 4275 sententia
467 4210 656 4295 depositum,
673 4212 769 4276 etiam
784 4234 858 4276 cum
872 4213 1090 4298 indignatione
1108 4212 1246 4277 Romani

296 4311 469 4388 Pontifiois,
478 4313 519 4375 ad
535 4324 723 4398 perpetuam
739 4314 937 4380 liberalitatis
952 4328 985 4381 et
999 4316 1247 4402 magnificentiae
