3034 5200
289 712 400 784 1166]
669 726 847 771 nmsrons.
1228 713 1247 770 7

288 879 420 943 latentes
450 880 499 943 sui
533 879 632 942 fontis
670 879 820 961 origines.
879 876 1095 941 Metiebamur
1132 889 1239 941 autem

283 980 426 1060 pericula
439 981 634 1045 conditionis
650 992 777 1054 uostrae,
792 979 948 1044 malitiam
972 981 1133 1063 temporis,
1148 978 1238 1043 debi-

283 1081 402 1145 litatem
425 1084 595 1160 Ecclesiae,
610 1083 732 1146 rabiem
750 1081 1005 1166 persequutoris:
1036 1082 1093 1145 sed
1106 1104 1125 1145 e
1140 1083 1237 1147 latere

285 1185 500 1265 sperabamus,
516 1183 592 1267 quia
606 1183 761 1275 iniquitas
776 1183 939 1246 cohaerens
960 1184 1080 1246 talento
1101 1184 1238 1268 plumbi,

283 1283 341 1346 diu
354 1286 387 1347 in
404 1305 528 1349 summo
544 1294 626 1347 sture
648 1305 714 1346 non
736 1294 862 1366 potest:
893 1290 926 1346 et
940 1285 1121 1348 Amorraeus
1142 1286 1237 1349 citius

283 1395 317 1448 et
344 1387 479 1450 validius
509 1383 646 1464 eliditur,
678 1396 712 1449 et
749 1384 925 1449 detruditur
961 1385 1003 1449 ad
1036 1387 1102 1451 ima
1138 1399 1238 1466 terrae,

285 1506 384 1569 quum
399 1488 574 1571 adimpleta
588 1486 708 1550 malitia
721 1487 755 1549 in
770 1488 900 1550 excelsa
917 1488 1105 1571 prorumpit
1149 1491 1237 1552 Ami·

284 1588 332 1651 cis
357 1611 434 1670 ergo
460 1589 683 1672 compatimur,
706 1599 738 1652 et
763 1589 923 1652 Ecclesiae
950 1586 1182 1654 desolationem
1204 1591 1238 1654 in

286 1712 385 1772 regno
411 1693 587 1770 Auglorum
612 1690 861 1773 ingemiscimus.
916 1692 962 1754 Et
987 1692 1135 1755 miramur
1160 1714 1238 1777 quo·

289 1793 386 1857 modo
399 1795 513 1858 abierit
534 1795 623 1858 zelus
645 1806 693 1857 tot
715 1795 933 1874 religiosorum
955 1804 989 1856 et
1010 1794 1234 1859 litteratorum:

283 1917 382 1979 quum
398 1897 452 1959 vix
467 1917 551 1959 unus
566 1908 598 1958 et
612 1897 692 1960 alter
705 1905 860 1979 appareat
875 1896 1066 1978 speculator,
1076 1897 1132 1980 qui
1141 1897 1238 1981 juxta

285 1998 561 2061 commonitionem
592 1998 816 2081 propheticam
851 1996 968 2060 audeat
995 1997 1094 2081 impio
1122 2000 1237 2082 impie·

283 2111 378 2163 tatem
393 2122 482 2164 suam
498 2122 538 2164 ex
557 2123 610 2164 ore
633 2100 768 2164 Domini
783 2100 946 2164 nunciare.
993 2102 1091 2184 lmpii
1112 2124 1188 2184 ergo
1202 2105 1237 2167 in

283 2203 362 2265 lacie
384 2205 617 2286 speculatorum
641 2201 842 2266 descendunt
855 2203 889 2264 in
910 2203 1069 2266 infernum
1086 2205 1238 2282 viventes,

283 2317 318 2367 ut
343 2326 363 2368 a
388 2305 652 2389 speculatoribus,
678 2304 755 2388 quia
781 2304 946 2380 siluerunt,
970 2306 1102 2387 sanguis
1127 2328 1237 2370 eorum

277 2404 350 2488 jure
365 2413 397 2468 et
408 2406 520 2468 merito
532 2405 726 2488 exquiratur.
766 2403 843 2482 Sed,
854 2404 935 2488 quid
950 2403 1088 2468 dicimus
1099 2427 1155 2469 eos
1165 2427 1238 2470 esse

283 2526 326 2567 ex
350 2526 449 2568 causa
473 2506 591 2568 silentii
619 2504 823 2587 puniendos?
864 2528 941 2569 sane
969 2506 1098 2591 quidam
1128 2530 1237 2572 eorum

283 2617 359 2671 suut
374 2608 430 2691 qui
445 2608 546 2671 furem
561 2607 706 2671 videntes
720 2619 850 2673 currunt
865 2630 937 2672 cum
954 2630 1005 2687 eo,
1015 2610 1113 2674 immo
1128 2613 1237 2693 praevii

284 2710 432 2774 ductores
455 2724 487 2773 et
508 2710 658 2773 doctores
680 2710 785 2793 ipsum
807 2711 841 2772 iu
863 2710 946 2775 furta
970 2712 1183 2796 praecipitant,
1207 2726 1239 2777 et

282 2814 421 2896 rapinas,
436 2824 469 2877 et
483 2834 573 2876 suam
584 2825 712 2897 ponunt
725 2812 760 2874 iu
777 2812 889 2896 quovis
900 2813 1078 2898 iniquitatis
1089 2814 1237 2893 symbolo

282 2935 354 2976 cum
372 2915 477 2997 impiis
492 2915 683 2998 portionem.
724 2915 869 2987 Quomm
884 2913 1005 2998 primus
1020 2923 1069 2977 est
1084 2914 1236 2998 Archisy·

282 3038 427 3100 nagogus
442 3030 556 3095 vester,
570 3031 604 3081 et
618 3018 674 3101 qui
688 3019 793 3100 primo
809 3039 884 3082 auro
897 3019 1087 3083 videbantur
1101 3019 1237 3097 inducti,

284 3131 317 3181 et
346 3120 505 3181 columnae
535 3119 725 3181 videbantur
762 3120 927 3200 Ecclesiae,
958 3122 1133 3203 amplexati
1163 3135 1237 3187 suut

283 3231 432 3284 stercora.
477 3220 620 3283 Dederat
632 3220 678 3282 eis
693 3231 856 3302 argentum
877 3224 1038 3286 Dominus
1060 3236 1092 3285 et
1113 3245 1236 3300 aurum,

284 3334 316 3384 et
330 3322 413 3385 sicut
435 3322 503 3406 ipse
526 3343 583 3405 per
605 3323 794 3406 prophetam
818 3324 1032 3408 conqueritur,
1047 3326 1118 3406 Ipsi
1139 3346 1179 3387 eo
1199 3346 1235 3389 eo

279 3428 406 3506 operati
429 3432 509 3489 sunt
534 3426 631 3503 Boot,
656 3424 734 3487 dum
763 3431 866 3510 moqis
890 3434 1051 3505 verentur,
1076 3430 1234 3491 bonrineni

279 3546 374 3609 quom
397 3525 515 3604 Deum,
538 3538 569 3592 et
591 3531 702 3591 colunt
722 3536 754 3592 et
776 3532 923 3593 serviunt
944 3538 1100 3593 creature
1120 3533 1234 3610 potius

279 3650 377 3712 quem
391 3634 544 3695 creatori:
576 3631 676 3715 qnod,
690 3632 774 3695 sicut
794 3636 909 3696 beatus
931 3632 1027 3695 docet
1049 3635 1232 3716 Apostolus,

281 3733 467 3797 idololatriae
479 3734 656 3798 rectissima
667 3745 699 3796 et
709 3736 885 3798 certissima
896 3734 1044 3798 diffinitio
1055 3743 1112 3797 est.
1148 3736 1233 3798 Nam

281 3836 369 3919 quod
384 3837 519 3919 quisque
534 3836 612 3899 colit
628 3857 694 3917 prae
710 3838 833 3901 caeteris
849 3838 1017 3901 constituit
1031 3837 1092 3900 sibi
1115 3838 1235 3913 Deum,

280 4039 356 4102 dum
374 4061 506 4103 munera
526 4040 639 4122 quaerit
654 4050 686 4101 et
708 4041 943 4117 retributiones,
958 4051 991 4104 et
1013 4039 1175 4103 interdum
1198 4036 1231 4095 in

280 4142 406 4205 fraudes
427 4153 460 4205 et
480 4142 514 4203 iu
535 4142 664 4224 rapinas
686 4142 847 4225 impingit,
864 4144 1024 4206 lavernam
1048 4144 1230 4201 veneretur:

280 4243 360 4305 alius
374 4256 468 4305 vento
482 4242 613 4305 inflatus
628 4251 743 4305 terram
764 4244 865 4305 Moab
886 4243 1045 4306 inhabitet
1066 4239 1100 4297 in
1123 4254 1233 4316 super·

279 4343 354 4405 cilio
369 4344 567 4426 Babylonis:
592 4341 673 4406 alius
689 4345 797 4423 gulam
813 4364 950 4424 sequens
964 4358 1096 4422 porcum
1118 4333 1232 4397 induat
1286 4400 1291 4406 ,
