<?xml version="1.0" encoding="UTF-8"?>
<!DOCTYPE html PUBLIC "-//W3C//DTD XHTML 1.0 Transitional//EN"
    "http://www.w3.org/TR/xhtml1/DTD/xhtml1-transitional.dtd">
<html xmlns="http://www.w3.org/1999/xhtml" xml:lang="en" lang="en">
 <head>
  <title>
</title>
<meta http-equiv="Content-Type" content="text/html;charset=utf-8" />
  <meta name='ocr-system' content='tesseract 3.04.00' />
  <meta name='ocr-capabilities' content='ocr_page ocr_carea ocr_par ocr_line ocrx_word'/>
</head>
<body>
  <div class='ocr_page' id='page_1' title='image "./joannissaresber11johngoog_0179.png"; bbox 0 0 3034 5200; ppageno 0'>
   <div class='ocr_carea' id='block_1_1' title="bbox 326 707 1276 787">
    <p class='ocr_par' dir='ltr' id='par_1_1' title="bbox 326 707 1276 787">
     <span class='ocr_line' id='line_1_1' title="bbox 326 707 1276 787; baseline 0.001 -16"><span class='ocrx_word' id='word_1_1' title='bbox 326 713 386 771; x_wconf 87' lang='lat'><strong>160</strong></span> <span class='ocrx_word' id='word_1_2' title='bbox 570 723 706 769; x_wconf 75' lang='lat' dir='ltr'><strong>rasurus</strong></span> <span class='ocrx_word' id='word_1_3' title='bbox 721 722 1002 770; x_wconf 78' lang='lat' dir='ltr'><strong>sannsnnmnnsrs</strong></span> <span class='ocrx_word' id='word_1_4' title='bbox 1183 707 1228 787; x_wconf 79' lang='lat' dir='ltr'><strong>[A.</strong></span> <span class='ocrx_word' id='word_1_5' title='bbox 1246 729 1276 772; x_wconf 89' lang='lat' dir='ltr'><strong>n.</strong></span> 
     </span>
    </p>
   </div>
   <div class='ocr_carea' id='block_1_2' title="bbox 321 859 1279 2147">
    <p class='ocr_par' dir='ltr' id='par_1_2' title="bbox 321 859 1279 2147">
     <span class='ocr_line' id='line_1_2' title="bbox 325 859 1278 965; baseline 0.004 -27"><span class='ocrx_word' id='word_1_6' title='bbox 325 874 503 962; x_wconf 84' lang='lat' dir='ltr'>pauperies,</span> <span class='ocrx_word' id='word_1_7' title='bbox 518 895 592 937; x_wconf 89' lang='lat' dir='ltr'><strong>sane</strong></span> <span class='ocrx_word' id='word_1_8' title='bbox 611 873 720 937; x_wconf 89' lang='lat' dir='ltr'><strong>amicis</strong></span> <span class='ocrx_word' id='word_1_9' title='bbox 741 859 961 956; x_wconf 82' lang='lat' dir='ltr'><strong>indigentibus</strong></span> <span class='ocrx_word' id='word_1_10' title='bbox 981 874 1176 941; x_wconf 89' lang='lat' dir='ltr'><strong>subveniunt</strong></span> <span class='ocrx_word' id='word_1_11' title='bbox 1198 900 1278 965; x_wconf 89' lang='lat' dir='ltr'><strong>pau·</strong></span> 
     </span>
     <span class='ocr_line' id='line_1_3' title="bbox 325 972 1279 1063; baseline 0.007 -28"><span class='ocrx_word' id='word_1_12' title='bbox 325 972 481 1058; x_wconf 81' lang='lat' dir='ltr'><strong>periotes:</strong></span> <span class='ocrx_word' id='word_1_13' title='bbox 506 973 532 1035; x_wconf 90' lang='lat' dir='ltr'><strong>si</strong></span> <span class='ocrx_word' id='word_1_14' title='bbox 556 973 669 1036; x_wconf 86' lang='lat' dir='ltr'><strong>vestris</strong></span> <span class='ocrx_word' id='word_1_15' title='bbox 691 994 747 1034; x_wconf 86' lang='lat' dir='ltr'><strong>vos</strong></span> <span class='ocrx_word' id='word_1_16' title='bbox 766 973 973 1038; x_wconf 90' lang='lat' dir='ltr'><strong>onerantibus</strong></span> <span class='ocrx_word' id='word_1_17' title='bbox 996 973 1094 1037; x_wconf 87' lang='lat' dir='ltr'><strong>vultis</strong></span> <span class='ocrx_word' id='word_1_18' title='bbox 1116 999 1183 1040; x_wconf 87' lang='lat' dir='ltr'><strong>esse</strong></span> <span class='ocrx_word' id='word_1_19' title='bbox 1204 1001 1279 1063; x_wconf 90' lang='lat' dir='ltr'><strong>pro·</strong></span> 
     </span>
     <span class='ocr_line' id='line_1_4' title="bbox 324 1073 1279 1161; baseline 0.005 -23"><span class='ocrx_word' id='word_1_20' title='bbox 324 1087 479 1161; x_wconf 81' lang='lat' dir='ltr'><strong>spectum,</strong></span> <span class='ocrx_word' id='word_1_21' title='bbox 494 1075 568 1139; x_wconf 89' lang='lat' dir='ltr'><strong>date</strong></span> <span class='ocrx_word' id='word_1_22' title='bbox 583 1096 722 1160; x_wconf 85' lang='lat' dir='ltr'><strong>operam,</strong></span> <span class='ocrx_word' id='word_1_23' title='bbox 734 1085 770 1137; x_wconf 93' lang='lat' dir='ltr'><strong>ut</strong></span> <span class='ocrx_word' id='word_1_24' title='bbox 786 1073 830 1136; x_wconf 86' lang='lat' dir='ltr'><strong>eis</strong></span> <span class='ocrx_word' id='word_1_25' title='bbox 846 1086 916 1158; x_wconf 88' lang='lat' dir='ltr'><strong>post</strong></span> <span class='ocrx_word' id='word_1_26' title='bbox 933 1074 1001 1137; x_wconf 88' lang='lat' dir='ltr'><strong>dies</strong></span> <span class='ocrx_word' id='word_1_27' title='bbox 1015 1087 1141 1142; x_wconf 88' lang='lat' dir='ltr'><strong>vestros</strong></span> <span class='ocrx_word' id='word_1_28' title='bbox 1156 1081 1279 1143; x_wconf 91' lang='lat' dir='ltr'><strong>amicus</strong></span> 
     </span>
     <span class='ocr_line' id='line_1_5' title="bbox 324 1174 1278 1266; baseline 0.005 -26"><span class='ocrx_word' id='word_1_29' title='bbox 324 1177 440 1262; x_wconf 91' lang='lat' dir='ltr'><strong>aliquis</strong></span> <span class='ocrx_word' id='word_1_30' title='bbox 455 1190 642 1241; x_wconf 85' lang='lat' dir='ltr'><strong>reservetur.</strong></span> <span class='ocrx_word' id='word_1_31' title='bbox 680 1174 825 1240; x_wconf 86' lang='lat' dir='ltr'><strong>Ecclesia</strong></span> <span class='ocrx_word' id='word_1_32' title='bbox 840 1198 897 1261; x_wconf 90' lang='lat' dir='ltr'><strong>per</strong></span> <span class='ocrx_word' id='word_1_33' title='bbox 911 1180 1046 1261; x_wconf 85' lang='lat' dir='ltr'><strong>gratiam</strong></span> <span class='ocrx_word' id='word_1_34' title='bbox 1056 1178 1118 1241; x_wconf 91' lang='lat' dir='ltr'><strong>Dei</strong></span> <span class='ocrx_word' id='word_1_35' title='bbox 1131 1179 1164 1243; x_wconf 92' lang='lat' dir='ltr'><strong>in</strong></span> <span class='ocrx_word' id='word_1_36' title='bbox 1181 1195 1278 1266; x_wconf 91' lang='lat' dir='ltr'><strong>portu</strong></span> 
     </span>
     <span class='ocr_line' id='line_1_6' title="bbox 323 1277 1278 1364; baseline 0.003 -22"><span class='ocrx_word' id='word_1_37' title='bbox 323 1278 473 1363; x_wconf 85' lang='lat' dir='ltr'><strong>navigat:</strong></span> <span class='ocrx_word' id='word_1_38' title='bbox 512 1291 544 1344; x_wconf 90' lang='lat' dir='ltr'><strong>et</strong></span> <span class='ocrx_word' id='word_1_39' title='bbox 573 1279 649 1342; x_wconf 87' lang='lat' dir='ltr'><strong>satis</strong></span> <span class='ocrx_word' id='word_1_40' title='bbox 677 1277 845 1363; x_wconf 87' lang='lat' dir='ltr'><strong>indignum</strong></span> <span class='ocrx_word' id='word_1_41' title='bbox 875 1291 907 1342; x_wconf 91' lang='lat' dir='ltr'><strong>et</strong></span> <span class='ocrx_word' id='word_1_42' title='bbox 937 1279 1123 1364; x_wconf 89' lang='lat' dir='ltr'><strong>probrosum</strong></span> <span class='ocrx_word' id='word_1_43' title='bbox 1153 1281 1214 1345; x_wconf 87' lang='lat' dir='ltr'><strong>crit</strong></span> <span class='ocrx_word' id='word_1_44' title='bbox 1244 1283 1278 1345; x_wconf 94' lang='lat' dir='ltr'><strong>in</strong></span> 
     </span>
     <span class='ocr_line' id='line_1_7' title="bbox 324 1376 1278 1465; baseline 0.004 -23"><span class='ocrx_word' id='word_1_45' title='bbox 324 1391 487 1465; x_wconf 92' lang='lat' dir='ltr'><strong>posterum</strong></span> <span class='ocrx_word' id='word_1_46' title='bbox 502 1379 691 1454; x_wconf 83' lang='lat' dir='ltr'><strong>meminisse,</strong></span> <span class='ocrx_word' id='word_1_47' title='bbox 707 1377 744 1453; x_wconf 86' lang='lat' dir='ltr'><strong>si,</strong></span> <span class='ocrx_word' id='word_1_48' title='bbox 761 1376 925 1463; x_wconf 83' lang='lat' dir='ltr'><strong>discipulis</strong></span> <span class='ocrx_word' id='word_1_49' title='bbox 940 1381 972 1441; x_wconf 92' lang='lat' dir='ltr'><strong>in</strong></span> <span class='ocrx_word' id='word_1_50' title='bbox 989 1379 1174 1463; x_wconf 87' lang='lat' dir='ltr'><strong>remigando</strong></span> <span class='ocrx_word' id='word_1_51' title='bbox 1189 1381 1278 1446; x_wconf 92' lang='lat' dir='ltr'><strong>labo·</strong></span> 
     </span>
     <span class='ocr_line' id='line_1_8' title="bbox 322 1478 1277 1566; baseline 0.003 -22"><span class='ocrx_word' id='word_1_52' title='bbox 322 1481 480 1559; x_wconf 88' lang='lat' dir='ltr'><strong>rantibus,</strong></span> <span class='ocrx_word' id='word_1_53' title='bbox 493 1479 621 1565; x_wconf 82' lang='lat' dir='ltr'><strong>navigio</strong></span> <span class='ocrx_word' id='word_1_54' title='bbox 638 1478 758 1545; x_wconf 86' lang='lat' dir='ltr'><strong>Christi</strong></span> <span class='ocrx_word' id='word_1_55' title='bbox 774 1478 893 1542; x_wconf 90' lang='lat' dir='ltr'><strong>nullam</strong></span> <span class='ocrx_word' id='word_1_56' title='bbox 912 1479 1049 1544; x_wconf 86' lang='lat' dir='ltr'><strong>tuleritis</strong></span> <span class='ocrx_word' id='word_1_57' title='bbox 1063 1504 1166 1566; x_wconf 91' lang='lat' dir='ltr'><strong>opem.</strong></span> <span class='ocrx_word' id='word_1_58' title='bbox 1204 1487 1277 1548; x_wconf 90' lang='lat' dir='ltr'><strong>Hoc</strong></span> 
     </span>
     <span class='ocr_line' id='line_1_9' title="bbox 323 1575 1276 1665; baseline -0.001 -21"><span class='ocrx_word' id='word_1_59' title='bbox 323 1580 470 1657; x_wconf 82' lang='lat' dir='ltr'><strong>dixerim,</strong></span> <span class='ocrx_word' id='word_1_60' title='bbox 485 1603 548 1643; x_wconf 92' lang='lat' dir='ltr'><strong>non</strong></span> <span class='ocrx_word' id='word_1_61' title='bbox 570 1577 658 1665; x_wconf 91' lang='lat' dir='ltr'><strong>quod</strong></span> <span class='ocrx_word' id='word_1_62' title='bbox 682 1580 753 1641; x_wconf 87' lang='lat' dir='ltr'><strong>Deo</strong></span> <span class='ocrx_word' id='word_1_63' title='bbox 778 1588 857 1640; x_wconf 90' lang='lat' dir='ltr'><strong>teste</strong></span> <span class='ocrx_word' id='word_1_64' title='bbox 880 1575 969 1657; x_wconf 91' lang='lat' dir='ltr'><strong>mihi,</strong></span> <span class='ocrx_word' id='word_1_65' title='bbox 984 1578 1042 1662; x_wconf 91' lang='lat' dir='ltr'><strong>qui</strong></span> <span class='ocrx_word' id='word_1_66' title='bbox 1063 1601 1121 1662; x_wconf 90' lang='lat' dir='ltr'><strong>per</strong></span> <span class='ocrx_word' id='word_1_67' title='bbox 1144 1579 1276 1662; x_wconf 84' lang='lat' dir='ltr'><strong>gratiam</strong></span> 
     </span>
     <span class='ocr_line' id='line_1_10' title="bbox 323 1676 1279 1769; baseline 0 -25"><span class='ocrx_word' id='word_1_68' title='bbox 323 1680 385 1744; x_wconf 88' lang='lat' dir='ltr'><strong>Dei</strong></span> <span class='ocrx_word' id='word_1_69' title='bbox 409 1680 549 1756; x_wconf 88' lang='lat' dir='ltr'><strong>abundo,</strong></span> <span class='ocrx_word' id='word_1_70' title='bbox 574 1699 714 1764; x_wconf 85' lang='lat' dir='ltr'><strong>quaeram</strong></span> <span class='ocrx_word' id='word_1_71' title='bbox 737 1676 860 1762; x_wconf 91' lang='lat' dir='ltr'><strong>aliquid</strong></span> <span class='ocrx_word' id='word_1_72' title='bbox 882 1678 1028 1769; x_wconf 81' lang='lat' dir='ltr'><strong>erogari:</strong></span> <span class='ocrx_word' id='word_1_73' title='bbox 1061 1678 1119 1755; x_wconf 56' lang='lat' dir='ltr'><strong>sed,</strong></span> <span class='ocrx_word' id='word_1_74' title='bbox 1142 1692 1178 1744; x_wconf 94' lang='lat' dir='ltr'><strong>ut</strong></span> <span class='ocrx_word' id='word_1_75' title='bbox 1204 1702 1279 1745; x_wconf 91' lang='lat' dir='ltr'><strong>con·</strong></span> 
     </span>
     <span class='ocr_line' id='line_1_11' title="bbox 323 1778 1276 1864; baseline 0 -20"><span class='ocrx_word' id='word_1_76' title='bbox 323 1781 424 1844; x_wconf 90' lang='lat' dir='ltr'><strong>sulam</strong></span> <span class='ocrx_word' id='word_1_77' title='bbox 450 1780 551 1856; x_wconf 87' lang='lat' dir='ltr'><strong>vobis,</strong></span> <span class='ocrx_word' id='word_1_78' title='bbox 576 1792 607 1843; x_wconf 90' lang='lat' dir='ltr'><strong>et</strong></span> <span class='ocrx_word' id='word_1_79' title='bbox 632 1778 770 1841; x_wconf 89' lang='lat' dir='ltr'><strong>officium</strong></span> <span class='ocrx_word' id='word_1_80' title='bbox 796 1799 946 1864; x_wconf 83' lang='lat' dir='ltr'><strong>peragam</strong></span> <span class='ocrx_word' id='word_1_81' title='bbox 976 1778 1094 1846; x_wconf 87' lang='lat' dir='ltr'><strong>debitae</strong></span> <span class='ocrx_word' id='word_1_82' title='bbox 1123 1781 1276 1845; x_wconf 87' lang='lat' dir='ltr'><strong>caritatis.</strong></span> 
     </span>
     <span class='ocr_line' id='line_1_12' title="bbox 322 1879 1278 1966; baseline 0.002 -22"><span class='ocrx_word' id='word_1_83' title='bbox 322 1884 405 1951; x_wconf 82' lang='lat' dir='ltr'><strong>Haec</strong></span> <span class='ocrx_word' id='word_1_84' title='bbox 432 1879 569 1965; x_wconf 87' lang='lat' dir='ltr'><strong>quilibet</strong></span> <span class='ocrx_word' id='word_1_85' title='bbox 599 1879 863 1966; x_wconf 85' lang='lat' dir='ltr'><strong>interpretabitur</strong></span> <span class='ocrx_word' id='word_1_86' title='bbox 894 1893 931 1944; x_wconf 91' lang='lat' dir='ltr'><strong>ut</strong></span> <span class='ocrx_word' id='word_1_87' title='bbox 961 1881 1066 1956; x_wconf 87' lang='lat' dir='ltr'><strong>volet;</strong></span> <span class='ocrx_word' id='word_1_88' title='bbox 1102 1881 1155 1945; x_wconf 89' lang='lat' dir='ltr'><strong>sed</strong></span> <span class='ocrx_word' id='word_1_89' title='bbox 1188 1883 1278 1946; x_wconf 90' lang='lat' dir='ltr'><strong>testis</strong></span> 
     </span>
     <span class='ocr_line' id='line_1_13' title="bbox 321 1980 1279 2056; baseline -0.002 -7"><span class='ocrx_word' id='word_1_90' title='bbox 321 2004 411 2050; x_wconf 87' lang='lat' dir='ltr'><strong>meus</strong></span> <span class='ocrx_word' id='word_1_91' title='bbox 432 1982 466 2045; x_wconf 93' lang='lat' dir='ltr'><strong>in</strong></span> <span class='ocrx_word' id='word_1_92' title='bbox 488 1980 568 2045; x_wconf 89' lang='lat' dir='ltr'><strong>coelo</strong></span> <span class='ocrx_word' id='word_1_93' title='bbox 591 1994 650 2056; x_wconf 91' lang='lat' dir='ltr'><strong>est,</strong></span> <span class='ocrx_word' id='word_1_94' title='bbox 665 1993 697 2044; x_wconf 90' lang='lat' dir='ltr'><strong>et</strong></span> <span class='ocrx_word' id='word_1_95' title='bbox 720 1982 864 2046; x_wconf 88' lang='lat' dir='ltr'><strong>conscius</strong></span> <span class='ocrx_word' id='word_1_96' title='bbox 886 1981 918 2048; x_wconf 90' lang='lat' dir='ltr'><strong>in</strong></span> <span class='ocrx_word' id='word_1_97' title='bbox 941 1982 1075 2046; x_wconf 84' lang='lat' dir='ltr'><strong>excelso.</strong></span> <span class='ocrx_word' id='word_1_98' title='bbox 1121 1983 1231 2047; x_wconf 86' lang='lat' dir='ltr'><strong>Valete</strong></span> <span class='ocrx_word' id='word_1_99' title='bbox 1246 1984 1279 2047; x_wconf 90' lang='lat' dir='ltr'><strong>in</strong></span> 
     </span>
     <span class='ocr_line' id='line_1_14' title="bbox 325 2083 475 2147; baseline -0.007 -1"><span class='ocrx_word' id='word_1_100' title='bbox 325 2083 475 2147; x_wconf 85' lang='lat' dir='ltr'><strong>Domino.</strong></span> 
     </span>
    </p>
   </div>
   <div class='ocr_carea' id='block_1_3' title="bbox 321 2397 1274 2580">
    <p class='ocr_par' dir='ltr' id='par_1_3' title="bbox 321 2397 1274 2580">
     <span class='ocr_line' id='line_1_15' title="bbox 321 2397 1274 2466; baseline -0.004 0"><span class='ocrx_word' id='word_1_101' title='bbox 321 2397 543 2466; x_wconf 84' lang='lat' dir='ltr'><strong>EPISTOLA</strong></span> <span class='ocrx_word' id='word_1_102' title='bbox 563 2397 816 2463; x_wconf 69' lang='lat' dir='ltr'><strong>convii-n&gt;</strong></span> <span class='ocrx_word' id='word_1_103' title='bbox 828 2415 1026 2461; x_wconf 78' lang='lat' dir='ltr'><strong>naorsramr</strong></span> <span class='ocrx_word' id='word_1_104' title='bbox 1038 2415 1274 2463; x_wconf 72' lang='lat' dir='ltr'><strong>munerarium</strong></span> 
     </span>
     <span class='ocr_line' id='line_1_16' title="bbox 549 2497 1044 2580; baseline -0.01 -13"><span class='ocrx_word' id='word_1_105' title='bbox 549 2517 796 2567; x_wconf 75' lang='lat' dir='ltr'><strong>Luxovmnsnn.</strong></span> <span class='ocrx_word' id='word_1_106' title='bbox 830 2497 917 2578; x_wconf 68' lang='lat' dir='ltr'><strong>[an.</strong></span> <span class='ocrx_word' id='word_1_107' title='bbox 935 2499 1044 2580; x_wconf 69' lang='lat' dir='ltr'><strong>lma]</strong></span> 
     </span>
    </p>
   </div>
   <div class='ocr_carea' id='block_1_4' title="bbox 463 2656 1135 2743">
    <p class='ocr_par' dir='ltr' id='par_1_4' title="bbox 463 2656 1135 2743">
     <span class='ocr_line' id='line_1_17' title="bbox 463 2656 1135 2743; baseline 0.001 -21"><span class='ocrx_word' id='word_1_108' title='bbox 463 2660 553 2722; x_wconf 85' lang='lat' dir='ltr'><strong>Idem</strong></span> <span class='ocrx_word' id='word_1_109' title='bbox 568 2660 730 2743; x_wconf 75' lang='lat' dir='ltr'><strong>Mapr&#39;strc</strong></span> <span class='ocrx_word' id='word_1_110' title='bbox 745 2658 921 2740; x_wconf 73' lang='lat' dir='ltr'><strong>liudulpho</strong></span> <span class='ocrx_word' id='word_1_111' title='bbox 937 2656 1135 2723; x_wconf 69' lang='lat' dir='ltr'><strong>lemoviensi.</strong></span> 
     </span>
    </p>
   </div>
   <div class='ocr_carea' id='block_1_5' title="bbox 319 2789 1277 4402">
    <p class='ocr_par' dir='ltr' id='par_1_5' title="bbox 319 2789 1277 4402">
     <span class='ocr_line' id='line_1_18' title="bbox 365 2789 1277 2878; baseline -0.002 -18"><span class='ocrx_word' id='word_1_112' title='bbox 365 2797 456 2878; x_wconf 77' lang='lat' dir='ltr'><strong>Quas</strong></span> <span class='ocrx_word' id='word_1_113' title='bbox 471 2793 588 2857; x_wconf 88' lang='lat' dir='ltr'><strong>referre</strong></span> <span class='ocrx_word' id='word_1_114' title='bbox 602 2814 665 2859; x_wconf 87' lang='lat' dir='ltr'><strong>non</strong></span> <span class='ocrx_word' id='word_1_115' title='bbox 679 2814 824 2878; x_wconf 91' lang='lat' dir='ltr'><strong>possum,</strong></span> <span class='ocrx_word' id='word_1_116' title='bbox 836 2813 892 2854; x_wconf 88' lang='lat' dir='ltr'><strong>nec</strong></span> <span class='ocrx_word' id='word_1_117' title='bbox 906 2789 1049 2874; x_wconf 87' lang='lat' dir='ltr'><strong>proferre</strong></span> <span class='ocrx_word' id='word_1_118' title='bbox 1066 2790 1200 2856; x_wconf 90' lang='lat' dir='ltr'><strong>liberum</strong></span> <span class='ocrx_word' id='word_1_119' title='bbox 1217 2808 1277 2873; x_wconf 88' lang='lat' dir='ltr'><strong>est,</strong></span> 
     </span>
     <span class='ocr_line' id='line_1_19' title="bbox 320 2892 1276 2977; baseline 0 -18"><span class='ocrx_word' id='word_1_120' title='bbox 320 2896 422 2959; x_wconf 89' lang='lat' dir='ltr'><strong>habeo</strong></span> <span class='ocrx_word' id='word_1_121' title='bbox 438 2894 507 2971; x_wconf 91' lang='lat' dir='ltr'><strong>tibi,</strong></span> <span class='ocrx_word' id='word_1_122' title='bbox 523 2894 622 2957; x_wconf 84' lang='lat' dir='ltr'><strong>frater</strong></span> <span class='ocrx_word' id='word_1_123' title='bbox 637 2892 861 2971; x_wconf 88' lang='lat' dir='ltr'><strong>amantissime,</strong></span> <span class='ocrx_word' id='word_1_124' title='bbox 870 2893 1003 2977; x_wconf 89' lang='lat' dir='ltr'><strong>gratias:</strong></span> <span class='ocrx_word' id='word_1_125' title='bbox 1021 2904 1053 2956; x_wconf 86' lang='lat' dir='ltr'><strong>et</strong></span> <span class='ocrx_word' id='word_1_126' title='bbox 1068 2915 1122 2957; x_wconf 86' lang='lat' dir='ltr'><strong>eas</strong></span> <span class='ocrx_word' id='word_1_127' title='bbox 1137 2895 1276 2959; x_wconf 91' lang='lat' dir='ltr'><strong>Domino</strong></span> 
     </span>
     <span class='ocr_line' id='line_1_20' title="bbox 321 2994 1275 3082; baseline 0 -22"><span class='ocrx_word' id='word_1_128' title='bbox 321 2997 514 3082; x_wconf 87' lang='lat' dir='ltr'><strong>propitiante</strong></span> <span class='ocrx_word' id='word_1_129' title='bbox 530 2995 589 3060; x_wconf 90' lang='lat' dir='ltr'><strong>tibi</strong></span> <span class='ocrx_word' id='word_1_130' title='bbox 605 2995 655 3059; x_wconf 87' lang='lat' dir='ltr'><strong>vel</strong></span> <span class='ocrx_word' id='word_1_131' title='bbox 671 2996 736 3060; x_wconf 92' lang='lat' dir='ltr'><strong>tuis</strong></span> <span class='ocrx_word' id='word_1_132' title='bbox 751 2994 921 3081; x_wconf 88' lang='lat' dir='ltr'><strong>rependam</strong></span> <span class='ocrx_word' id='word_1_133' title='bbox 938 3005 1081 3080; x_wconf 91' lang='lat' dir='ltr'><strong>tempore</strong></span> <span class='ocrx_word' id='word_1_134' title='bbox 1096 3018 1163 3059; x_wconf 90' lang='lat' dir='ltr'><strong>suo.</strong></span> <span class='ocrx_word' id='word_1_135' title='bbox 1201 2997 1275 3060; x_wconf 92' lang='lat' dir='ltr'><strong>Non</strong></span> 
     </span>
     <span class='ocr_line' id='line_1_21' title="bbox 320 3095 1275 3183; baseline 0.003 -22"><span class='ocrx_word' id='word_1_136' title='bbox 320 3101 403 3162; x_wconf 88' lang='lat' dir='ltr'><strong>enim</strong></span> <span class='ocrx_word' id='word_1_137' title='bbox 425 3098 590 3162; x_wconf 90' lang='lat' dir='ltr'><strong>immemor</strong></span> <span class='ocrx_word' id='word_1_138' title='bbox 605 3121 687 3171; x_wconf 84' lang='lat' dir='ltr'><strong>sum,</strong></span> <span class='ocrx_word' id='word_1_139' title='bbox 704 3110 736 3161; x_wconf 93' lang='lat' dir='ltr'><strong>et</strong></span> <span class='ocrx_word' id='word_1_140' title='bbox 757 3096 922 3183; x_wconf 90' lang='lat' dir='ltr'><strong>quondam</strong></span> <span class='ocrx_word' id='word_1_141' title='bbox 945 3095 1034 3162; x_wconf 88' lang='lat' dir='ltr'><strong>initae</strong></span> <span class='ocrx_word' id='word_1_142' title='bbox 1057 3098 1227 3177; x_wconf 88' lang='lat' dir='ltr'><strong>societatis,</strong></span> <span class='ocrx_word' id='word_1_143' title='bbox 1243 3113 1275 3164; x_wconf 90' lang='lat' dir='ltr'><strong>et</strong></span> 
     </span>
     <span class='ocr_line' id='line_1_22' title="bbox 321 3200 1277 3288; baseline 0.001 -25"><span class='ocrx_word' id='word_1_144' title='bbox 321 3200 499 3265; x_wconf 70' lang='lat' dir='ltr'><strong>devotimis</strong></span> <span class='ocrx_word' id='word_1_145' title='bbox 521 3203 553 3263; x_wconf 91' lang='lat' dir='ltr'><strong>in</strong></span> <span class='ocrx_word' id='word_1_146' title='bbox 577 3200 735 3288; x_wconf 90' lang='lat' dir='ltr'><strong>prosperis</strong></span> <span class='ocrx_word' id='word_1_147' title='bbox 756 3211 906 3285; x_wconf 83' lang='lat' dir='ltr'><strong>acceptae,</strong></span> <span class='ocrx_word' id='word_1_148' title='bbox 922 3211 954 3262; x_wconf 93' lang='lat' dir='ltr'><strong>et</strong></span> <span class='ocrx_word' id='word_1_149' title='bbox 975 3200 1203 3266; x_wconf 86' lang='lat' dir='ltr'><strong>benedictionis</strong></span> <span class='ocrx_word' id='word_1_150' title='bbox 1223 3224 1277 3264; x_wconf 85' lang='lat' dir='ltr'><strong>ex-</strong></span> 
     </span>
     <span class='ocr_line' id='line_1_23' title="bbox 320 3298 1277 3387; baseline 0.003 -24"><span class='ocrx_word' id='word_1_151' title='bbox 320 3300 430 3365; x_wconf 86' lang='lat' dir='ltr'><strong>hibitae</strong></span> <span class='ocrx_word' id='word_1_152' title='bbox 454 3300 487 3364; x_wconf 92' lang='lat' dir='ltr'><strong>in</strong></span> <span class='ocrx_word' id='word_1_153' title='bbox 510 3300 660 3364; x_wconf 84' lang='lat' dir='ltr'><strong>adversis.</strong></span> <span class='ocrx_word' id='word_1_154' title='bbox 704 3303 750 3363; x_wconf 89' lang='lat' dir='ltr'><strong>Et</strong></span> <span class='ocrx_word' id='word_1_155' title='bbox 777 3298 907 3383; x_wconf 87' lang='lat' dir='ltr'><strong>quidem</strong></span> <span class='ocrx_word' id='word_1_156' title='bbox 940 3300 1190 3365; x_wconf 88' lang='lat' dir='ltr'><strong>benedictionem</strong></span> <span class='ocrx_word' id='word_1_157' title='bbox 1217 3326 1277 3387; x_wconf 93' lang='lat' dir='ltr'><strong>pro</strong></span> 
     </span>
     <span class='ocr_line' id='line_1_24' title="bbox 320 3396 1277 3474; baseline -0.002 -8"><span class='ocrx_word' id='word_1_158' title='bbox 320 3401 538 3466; x_wconf 90' lang='lat' dir='ltr'><strong>benedictione</strong></span> <span class='ocrx_word' id='word_1_159' title='bbox 564 3399 623 3465; x_wconf 89' lang='lat' dir='ltr'><strong>tibi</strong></span> <span class='ocrx_word' id='word_1_160' title='bbox 648 3396 737 3460; x_wconf 90' lang='lat' dir='ltr'><strong>dabit</strong></span> <span class='ocrx_word' id='word_1_161' title='bbox 760 3396 953 3474; x_wconf 85' lang='lat' dir='ltr'><strong>Altissimus,</strong></span> <span class='ocrx_word' id='word_1_162' title='bbox 976 3399 1028 3461; x_wconf 90' lang='lat' dir='ltr'><strong>cui</strong></span> <span class='ocrx_word' id='word_1_163' title='bbox 1048 3400 1203 3463; x_wconf 85' lang='lat' dir='ltr'><strong>familiare</strong></span> <span class='ocrx_word' id='word_1_164' title='bbox 1227 3414 1277 3464; x_wconf 93' lang='lat' dir='ltr'><strong>est</strong></span> 
     </span>
     <span class='ocr_line' id='line_1_25' title="bbox 320 3494 1277 3589; baseline -0.001 -24"><span class='ocrx_word' id='word_1_165' title='bbox 320 3524 379 3589; x_wconf 92' lang='lat' dir='ltr'><strong>pro</strong></span> <span class='ocrx_word' id='word_1_166' title='bbox 394 3505 497 3587; x_wconf 83' lang='lat' dir='ltr'><strong>gratia</strong></span> <span class='ocrx_word' id='word_1_167' title='bbox 512 3522 570 3564; x_wconf 83' lang='lat' dir='ltr'><strong>sua</strong></span> <span class='ocrx_word' id='word_1_168' title='bbox 585 3497 693 3582; x_wconf 85' lang='lat' dir='ltr'><strong>largiri</strong></span> <span class='ocrx_word' id='word_1_169' title='bbox 703 3494 855 3581; x_wconf 82' lang='lat' dir='ltr'><strong>gloriam:</strong></span> <span class='ocrx_word' id='word_1_170' title='bbox 878 3509 910 3560; x_wconf 91' lang='lat' dir='ltr'><strong>et</strong></span> <span class='ocrx_word' id='word_1_171' title='bbox 925 3497 1100 3562; x_wconf 88' lang='lat' dir='ltr'><strong>clementiae</strong></span> <span class='ocrx_word' id='word_1_172' title='bbox 1115 3522 1181 3563; x_wconf 83' lang='lat' dir='ltr'><strong>suae</strong></span> <span class='ocrx_word' id='word_1_173' title='bbox 1192 3499 1277 3565; x_wconf 88' lang='lat' dir='ltr'><strong>dona</strong></span> 
     </span>
     <span class='ocr_line' id='line_1_26' title="bbox 319 3598 1275 3691; baseline -0.003 -23"><span class='ocrx_word' id='word_1_174' title='bbox 319 3617 469 3691; x_wconf 84' lang='lat' dir='ltr'><strong>reputare</strong></span> <span class='ocrx_word' id='word_1_175' title='bbox 485 3600 678 3667; x_wconf 90' lang='lat' dir='ltr'><strong>merentibus</strong></span> <span class='ocrx_word' id='word_1_176' title='bbox 692 3598 733 3662; x_wconf 89' lang='lat' dir='ltr'><strong>ad</strong></span> <span class='ocrx_word' id='word_1_177' title='bbox 748 3619 907 3662; x_wconf 89' lang='lat' dir='ltr'><strong>coronam.</strong></span> <span class='ocrx_word' id='word_1_178' title='bbox 952 3602 1024 3663; x_wconf 91' lang='lat' dir='ltr'><strong>Non</strong></span> <span class='ocrx_word' id='word_1_179' title='bbox 1041 3613 1087 3663; x_wconf 89' lang='lat' dir='ltr'><strong>est</strong></span> <span class='ocrx_word' id='word_1_180' title='bbox 1104 3600 1205 3663; x_wconf 85' lang='lat' dir='ltr'><strong>amice</strong></span> <span class='ocrx_word' id='word_1_181' title='bbox 1218 3602 1275 3686; x_wconf 92' lang='lat' dir='ltr'><strong>qui</strong></span> 
     </span>
     <span class='ocr_line' id='line_1_27' title="bbox 319 3700 1273 3789; baseline -0.003 -20"><span class='ocrx_word' id='word_1_182' title='bbox 319 3706 411 3769; x_wconf 93' lang='lat' dir='ltr'><strong>bonis</strong></span> <span class='ocrx_word' id='word_1_183' title='bbox 432 3706 502 3789; x_wconf 84' lang='lat' dir='ltr'><strong>ejus</strong></span> <span class='ocrx_word' id='word_1_184' title='bbox 520 3702 673 3789; x_wconf 84' lang='lat' dir='ltr'><strong>gratuitis</strong></span> <span class='ocrx_word' id='word_1_185' title='bbox 698 3723 760 3765; x_wconf 92' lang='lat' dir='ltr'><strong>non</strong></span> <span class='ocrx_word' id='word_1_186' title='bbox 790 3712 910 3766; x_wconf 90' lang='lat' dir='ltr'><strong>utatur.</strong></span> <span class='ocrx_word' id='word_1_187' title='bbox 956 3700 1151 3766; x_wconf 90' lang='lat' dir='ltr'><strong>Abutuntur</strong></span> <span class='ocrx_word' id='word_1_188' title='bbox 1176 3725 1273 3787; x_wconf 90' lang='lat' dir='ltr'><strong>quam</strong></span> 
     </span>
     <span class='ocr_line' id='line_1_28' title="bbox 319 3793 1274 3891; baseline -0.004 -18"><span class='ocrx_word' id='word_1_189' title='bbox 319 3793 449 3891; x_wconf 78' lang='lat' dir='ltr'><strong>pluriini</strong></span> <span class='ocrx_word' id='word_1_190' title='bbox 471 3806 625 3891; x_wconf 88' lang='lat' dir='ltr'><strong>praeventi</strong></span> <span class='ocrx_word' id='word_1_191' title='bbox 649 3830 668 3869; x_wconf 93' lang='lat' dir='ltr'><strong>a</strong></span> <span class='ocrx_word' id='word_1_192' title='bbox 693 3807 808 3890; x_wconf 85' lang='lat' dir='ltr'><strong>gratia,</strong></span> <span class='ocrx_word' id='word_1_193' title='bbox 836 3803 1067 3889; x_wconf 77' lang='lat' dir='ltr'><strong>praecedentem</strong></span> <span class='ocrx_word' id='word_1_194' title='bbox 1094 3816 1274 3889; x_wconf 90' lang='lat' dir='ltr'><strong>sequuntur</strong></span> 
     </span>
     <span class='ocr_line' id='line_1_29' title="bbox 319 3905 1273 3993; baseline 0.001 -24"><span class='ocrx_word' id='word_1_195' title='bbox 319 3906 432 3978; x_wconf 88' lang='lat' dir='ltr'><strong>multi:</strong></span> <span class='ocrx_word' id='word_1_196' title='bbox 457 3905 510 3969; x_wconf 89' lang='lat' dir='ltr'><strong>sed</strong></span> <span class='ocrx_word' id='word_1_197' title='bbox 527 3908 696 3972; x_wconf 88' lang='lat' dir='ltr'><strong>electorum</strong></span> <span class='ocrx_word' id='word_1_198' title='bbox 718 3906 863 3993; x_wconf 88' lang='lat' dir='ltr'><strong>paucitas</strong></span> <span class='ocrx_word' id='word_1_199' title='bbox 882 3910 916 3973; x_wconf 93' lang='lat' dir='ltr'><strong>in</strong></span> <span class='ocrx_word' id='word_1_200' title='bbox 937 3907 1026 3972; x_wconf 85' lang='lat' dir='ltr'><strong>exitu</strong></span> <span class='ocrx_word' id='word_1_201' title='bbox 1048 3905 1164 3970; x_wconf 90' lang='lat' dir='ltr'><strong>laboris</strong></span> <span class='ocrx_word' id='word_1_202' title='bbox 1186 3907 1273 3990; x_wconf 94' lang='lat' dir='ltr'><strong>quod</strong></span> 
     </span>
     <span class='ocr_line' id='line_1_30' title="bbox 320 4006 1275 4094; baseline -0.004 -19"><span class='ocrx_word' id='word_1_203' title='bbox 320 4009 456 4075; x_wconf 89' lang='lat' dir='ltr'><strong>fideliter</strong></span> <span class='ocrx_word' id='word_1_204' title='bbox 467 4006 604 4093; x_wconf 86' lang='lat' dir='ltr'><strong>optavit,</strong></span> <span class='ocrx_word' id='word_1_205' title='bbox 617 4007 750 4073; x_wconf 87' lang='lat' dir='ltr'><strong>feliciter</strong></span> <span class='ocrx_word' id='word_1_206' title='bbox 762 4008 954 4094; x_wconf 87' lang='lat' dir='ltr'><strong>assequitur,</strong></span> <span class='ocrx_word' id='word_1_207' title='bbox 964 4021 998 4072; x_wconf 88' lang='lat' dir='ltr'><strong>et</strong></span> <span class='ocrx_word' id='word_1_208' title='bbox 1014 4007 1046 4071; x_wconf 92' lang='lat' dir='ltr'><strong>in</strong></span> <span class='ocrx_word' id='word_1_209' title='bbox 1058 4006 1142 4071; x_wconf 87' lang='lat' dir='ltr'><strong>calce</strong></span> <span class='ocrx_word' id='word_1_210' title='bbox 1153 4007 1275 4072; x_wconf 91' lang='lat' dir='ltr'><strong>itineris</strong></span> 
     </span>
     <span class='ocr_line' id='line_1_31' title="bbox 320 4108 1274 4200; baseline -0.002 -23"><span class='ocrx_word' id='word_1_211' title='bbox 320 4124 497 4177; x_wconf 88' lang='lat' dir='ltr'><strong>coronatur.</strong></span> <span class='ocrx_word' id='word_1_212' title='bbox 545 4108 609 4176; x_wconf 91' lang='lat' dir='ltr'><strong>Soli</strong></span> <span class='ocrx_word' id='word_1_213' title='bbox 629 4112 712 4175; x_wconf 91' lang='lat' dir='ltr'><strong>enim</strong></span> <span class='ocrx_word' id='word_1_214' title='bbox 735 4128 972 4200; x_wconf 87' lang='lat' dir='ltr'><strong>perseverantes</strong></span> <span class='ocrx_word' id='word_1_215' title='bbox 992 4133 1094 4197; x_wconf 89' lang='lat' dir='ltr'><strong>usque</strong></span> <span class='ocrx_word' id='word_1_216' title='bbox 1115 4111 1146 4173; x_wconf 91' lang='lat' dir='ltr'><strong>in</strong></span> <span class='ocrx_word' id='word_1_217' title='bbox 1168 4111 1274 4191; x_wconf 88' lang='lat' dir='ltr'><strong>finem,</strong></span> 
     </span>
     <span class='ocr_line' id='line_1_32' title="bbox 321 4212 1275 4300; baseline -0.001 -22"><span class='ocrx_word' id='word_1_218' title='bbox 321 4237 466 4300; x_wconf 87' lang='lat' dir='ltr'><strong>supernae</strong></span> <span class='ocrx_word' id='word_1_219' title='bbox 481 4212 653 4278; x_wconf 85' lang='lat' dir='ltr'><strong>vocationis</strong></span> <span class='ocrx_word' id='word_1_220' title='bbox 668 4213 814 4277; x_wconf 92' lang='lat' dir='ltr'><strong>bravium</strong></span> <span class='ocrx_word' id='word_1_221' title='bbox 831 4213 1079 4298; x_wconf 89' lang='lat' dir='ltr'><strong>apprehendent.</strong></span> <span class='ocrx_word' id='word_1_222' title='bbox 1127 4214 1181 4277; x_wconf 89' lang='lat' dir='ltr'><strong>Tu</strong></span> <span class='ocrx_word' id='word_1_223' title='bbox 1198 4237 1275 4298; x_wconf 83' lang='lat' dir='ltr'><strong>ergo</strong></span> 
     </span>
     <span class='ocr_line' id='line_1_33' title="bbox 322 4313 1275 4402; baseline 0.003 -26"><span class='ocrx_word' id='word_1_224' title='bbox 322 4314 553 4395; x_wconf 87' lang='lat' dir='ltr'><strong>(dilectissime)</strong></span> <span class='ocrx_word' id='word_1_225' title='bbox 578 4337 743 4401; x_wconf 88' lang='lat' dir='ltr'><strong>persevera</strong></span> <span class='ocrx_word' id='word_1_226' title='bbox 766 4313 798 4376; x_wconf 90' lang='lat' dir='ltr'><strong>in</strong></span> <span class='ocrx_word' id='word_1_227' title='bbox 822 4335 859 4376; x_wconf 93' lang='lat' dir='ltr'><strong>eo</strong></span> <span class='ocrx_word' id='word_1_228' title='bbox 880 4315 966 4398; x_wconf 92' lang='lat' dir='ltr'><strong>quod</strong></span> <span class='ocrx_word' id='word_1_229' title='bbox 990 4315 1132 4402; x_wconf 91' lang='lat' dir='ltr'><strong>coepisti:</strong></span> <span class='ocrx_word' id='word_1_230' title='bbox 1164 4329 1195 4380; x_wconf 87' lang='lat' dir='ltr'><strong>ct</strong></span> <span class='ocrx_word' id='word_1_231' title='bbox 1219 4315 1275 4402; x_wconf 93' lang='lat' dir='ltr'><strong>qui</strong></span> 
     </span>
    </p>
   </div>
   <div class='ocr_carea' id='block_1_6' title="bbox 0 0 1522 5200">
    <p class='ocr_par' dir='ltr' id='par_1_6' title="bbox 0 0 1522 5200">
     <span class='ocr_line' id='line_1_34' title="bbox 0 0 1522 5200; baseline 0 1"><span class='ocrx_word' id='word_1_232' title='bbox 0 0 1522 5200; x_wconf 95' lang='lat' dir='ltr'><strong> </strong></span> 
     </span>
    </p>
   </div>
  </div>
 </body>
</html>
