3034 5200
285 708 390 788 noa]
668 726 846 770 narsaeus.
1177 709 1236 768 183

282 890 377 941 eunte
403 900 461 962 pro
486 899 581 940 causa
608 877 670 940 Dei
700 889 731 939 et
762 875 908 939 libertate
938 873 1077 937 ecclesiae
1107 873 1235 937 domino

282 980 436 1043 Cantuar.
452 978 662 1054 conmilitare,
673 976 731 1062 qui
746 998 844 1061 quum
861 975 1000 1062 publicae
1016 975 1131 1040 serviat
1150 975 1235 1039 utili·

281 1079 350 1158 tati‚
366 1079 472 1143 adhuc
488 1092 592 1144 tamen
609 1078 725 1144 militat
744 1077 809 1142 suis
834 1077 1017 1162 stipendiis:
1049 1089 1105 1141 aut
1134 1076 1233 1163 (quod

279 1181 468 1264 probrosum
495 1180 688 1244 nostratibus
713 1179 776 1256 est)
803 1177 907 1261 gentis
934 1176 1054 1240 alienae.
1101 1179 1233 1242 Utinam

279 1279 325 1343 illi
342 1280 674 1366 quantulumcumque
690 1279 794 1342 solatii
807 1276 1028 1352 ministrasses,
1041 1276 1128 1363 quod
1146 1280 1234 1341 Deus

247 1417 248 1420 ¹
281 1382 350 1457 scit,
371 1387 413 1446 ob
438 1394 526 1446 tuam
552 1403 648 1465 quarn
673 1380 761 1444 illius
785 1379 887 1464 magis
911 1378 1025 1463 loquor
1051 1379 1232 1443 utilitatem.

281 1482 367 1545 Mihi
383 1495 490 1547 autern
511 1480 590 1544 nihil
615 1503 736 1567 precor,
751 1480 809 1543 nisi
827 1492 864 1543 ut
889 1479 1122 1555 Quintilianum
1138 1503 1232 1566 quern

280 1581 358 1666 petii
375 1583 528 1667 scripturn
544 1593 574 1645 et
591 1580 794 1644 emendatum
813 1580 930 1644 mittas.

348 1912 567 1977 EPISTOLA
593 1913 874 1976 connixu-m
889 1931 1099 1976 winimarum
1115 1933 1158 1976 nn

557 2033 695 2077 novam.
745 2014 789 2092 [A.
799 2033 829 2077 o.
848 2016 956 2095 llos]

523 2169 614 2236 Idem
635 2171 790 2236 Willelmo
805 2172 843 2234 de
857 2172 994 2234 Docere.

323 2282 560 2344 Excsnrunrrn
575 2302 680 2343 rerum
701 2277 915 2342 fidelissimam
941 2280 1104 2345 scientiam
1127 2284 1232 2368 parit:

280 2394 311 2446 et
326 2394 373 2444 est
388 2382 421 2444 in
436 2403 500 2443 una
516 2403 644 2465 quaque
660 2379 813 2442 facultate
836 2379 1001 2463 probabile
1022 2381 1111 2467 quod
1134 2406 1172 2446 ex
1197 2408 1234 2448 ea

281 2481 409 2544 videtur
444 2480 567 2544 artifici.
620 2479 707 2544 Artis
743 2494 848 2543 autem
880 2483 1037 2567 cujusque
1073 2497 1234 2570 praecepta

281 2581 443 2646 intellectu
459 2581 590 2667 quidem
605 2578 711 2643 facilia
726 2590 811 2655 sunt,
824 2579 878 2643 sed
895 2604 954 2645 usu
970 2604 1032 2645 non
1048 2583 1103 2649 ita.
1142 2585 1233 2648 Diffi-

280 2683 388 2747 ciliora
403 2696 506 2748 tamen
523 2684 644 2746 suntin
668 2679 781 2745 ethicae
804 2683 980 2769 praeceptis,
997 2684 1032 2747 id
1053 2697 1100 2747 est
1123 2689 1155 2748 in
1172 2686 1234 2750 vir-

280 2800 385 2851 tutum
401 2784 511 2850 officiis
526 2783 718 2849 excolendis.
763 2787 805 2847 At
822 2785 854 2846 in
871 2783 933 2847 illis
947 2786 1096 2850 omnibus
1110 2787 1232 2854 obtinet

278 2886 391 2949 caritas
406 2886 633 2971 principatum,
650 2905 749 2970 quam
764 2906 824 2967 ego
840 2882 919 2947 nihil
937 2883 1024 2949 aliud
1047 2907 1112 2948 esse
1135 2909 1232 2971 quarn

278 3011 385 3051 veram
407 2987 575 3052 amicitiam
599 2985 733 3049 dixerim
755 2984 951 3050 confidenter
973 2999 1005 3050 et
1025 3001 1127 3053 recte:
1159 3012 1233 3075 quae

278 3111 341 3151 non
357 3087 451 3150 modo
466 3088 515 3151 sui
533 3089 709 3173 majestate,
726 3086 891 3150 sedetiam
916 3089 1057 3166 raritate,
1073 3092 1179 3154 omnia
1200 3093 1232 3156 in

279 3190 373 3254 terris
387 3189 565 3274 expetenda
581 3188 782 3253 transcendit.
830 3190 917 3253 Huic
933 3192 975 3255 ab
989 3190 1118 3257 ineunte
1139 3208 1232 3259 aetate

278 3313 406 3376 operam
432 3290 518 3366 dedi,
545 3312 660 3375 meque
686 3289 804 3353 multos
830 3290 993 3377 obsequiis
1022 3297 1233 3379 promeruisse

278 3390 485 3470 credideram,
515 3412 644 3475 sperans
673 3390 760 3475 quod
790 3389 824 3454 in
859 3391 1024 3457 affectione
1054 3395 1233 3462 dilectionis

278 3493 354 3566 mihi
381 3494 534 3557 referrent
560 3493 670 3557 vicem.
732 3494 913 3558 Assiduitas
941 3517 1018 3578 ergo
1048 3498 1175 3561 amandi
1200 3512 1232 3563 et

278 3596 473 3681 obsequendi
488 3596 623 3661 contulit
640 3618 754 3659 usum:
786 3611 818 3659 et
841 3595 896 3659 ille
911 3618 1021 3659 versus
1038 3598 1070 3659 in
1085 3599 1233 3662 habitum

278 3720 328 3762 me
343 3719 467 3782 semper
481 3719 587 3760 amare
601 3688 763 3781 compellit
779 3696 873 3759 etiam
890 3716 953 3758 non
969 3709 1119 3761 amantes.
1165 3701 1233 3762 Nec

279 3813 382 3864 tamen
406 3821 566 3885 praesumo
589 3820 639 3859 me
663 3796 833 3860 solidatum
856 3818 924 3858 esse
945 3795 979 3858 in
1002 3797 1144 3878 caritate,
1160 3821 1233 3884 quae

278 3899 437 3984 religionis
465 3898 589 3962 culmen
616 3909 675 3971 est,
703 3896 776 3959 licet
801 3896 888 3959 illam
914 3894 1000 3960 sitiat
1026 3896 1131 3961 anima
1156 3920 1234 3963 mea.

280 4000 344 4066 Sed
367 3999 445 4063 mihi
467 4022 578 4063 revera
600 3996 761 4082 quandam
785 4000 887 4061 fateor
909 3997 1018 4061 adesse
1039 3999 1234 4061 affectionem

280 4099 508 4165 benevolentiae
545 4122 611 4183 qua
647 4096 893 4168 conviventibus
932 4098 1027 4160 etiam
1066 4095 1234 4161 nonnullos

282 4199 416 4281 gentiles
451 4199 587 4284 legimus
616 4198 780 4283 placuisse.
836 4200 909 4260 Hoc
939 4208 1044 4260 autem
1083 4197 1141 4259 etsi
1171 4218 1233 4261 non

281 4298 396 4362 radicis
406 4299 613 4377 firmitudine,
626 4312 748 4365 naturae
760 4309 866 4361 tamen
880 4319 996 4382 genere
1007 4310 1038 4362 et
1050 4295 1234 4364 intentionis
