3034 5200
287 742 394 822 trau]
669 759 848 829 umsroun.
1178 743 1238 800 247

279 922 385 972 catum
402 911 433 973 in
450 910 505 974 illa
526 910 577 974 die
593 911 740 974 restituet
764 909 923 987 Christus,
937 931 997 993 pro
1018 909 1111 993 cujus
1126 905 1188 967 fide
1204 918 1235 969 et

277 1010 458 1076 obedientia
480 1036 564 1077 nunc
588 1013 758 1077 salubriter
783 1011 955 1097 exponitur
977 1023 1033 1074 ant
1053 1010 1235 1096 deponitur.

281 1113 353 1190 Sed,
369 1115 428 1179 etsi
443 1138 481 1179 eo
498 1138 599 1202 usque
615 1129 824 1200 tyrannorum
840 1112 943 1177 rabies
958 1111 1140 1188 invaluerit,

454 1265 551 1318 Facilis
563 1275 598 1318 est
605 1268 708 1338 jactura
720 1262 857 1336 sepulchri,

280 1402 334 1466 ubi
351 1402 432 1465 coelo
447 1403 568 1488 tegitur
579 1403 637 1489 qui
652 1425 714 1466 noo
731 1401 827 1465 habet
843 1423 967 1464 urnam.
1012 1398 1185 1464 Consilium
1203 1403 1234 1463 in

278 1504 438 1585 ambiguis
467 1505 626 1569 duntaxat
664 1502 761 1568 habet
792 1503 914 1568 locum:
958 1525 1015 1565 nec
1044 1502 1139 1565 debet
1168 1525 1235 1566 esse

281 1605 468 1687 ambiguum
497 1606 585 1691 quod
622 1605 798 1691 gerendum
829 1602 1007 1687 praescribit
1037 1603 1087 1667 lex
1117 1603 1234 1668 divina.

283 1710 367 1770 Nam
383 1727 441 1770 nec
465 1707 632 1771 minimum
647 1706 687 1769 de
703 1706 860 1771 mandatis
883 1707 957 1784 Dei,
972 1707 997 1770 si
1013 1706 1102 1792 quod
1119 1718 1235 1780 tamen,

282 1808 370 1894 quod
388 1807 440 1871 vix
457 1809 656 1889 crediderim,
670 1832 806 1894 parvum
827 1821 886 1884 est,
902 1831 961 1894 pro
977 1807 1141 1892 temporali
1160 1808 1235 1884 vita,

280 1934 320 1974 ne
336 1912 413 1977 dum
430 1935 488 1998 pro
505 1912 665 1975 mundana
682 1910 869 1997 supellectili
885 1911 935 1973 vel
947 1913 1054 1996 quiete
1071 1933 1150 1973 vana
1161 1931 1235 1972 con-

282 2013 390 2078 siliove
420 2014 589 2078 deseritur.
643 2017 726 2077 Nam
758 2027 790 2081 et
820 2012 951 2077 minima
985 2025 1107 2076 servata
1136 2012 1234 2075 vitani

281 2115 463 2201 acquirunt,
490 2127 522 2179 et
552 2115 742 2201 plerumque
774 2114 918 2199 martyrii
948 2113 1082 2198 gloriam
1111 2136 1236 2186 prome·

281 2229 399 2282 rentur.
447 2213 603 2299 Neglecta
628 2239 703 2279 vero
730 2240 772 2280 ex
798 2216 929 2279 crimine
954 2215 1179 2280 inobedientiae
1204 2229 1237 2280 et

280 2329 482 2402 contemptus
497 2317 653 2380 internam
670 2318 822 2399 ingerunt
838 2329 981 2380 mortem.
1020 2318 1155 2401 Captum
1172 2316 1238 2379 avi·

281 2417 384 2482 culam
401 2441 473 2483 cum
488 2417 585 2502 pullis
600 2417 701 2481 occidi
716 2417 864 2502 prohibet
885 2418 1053 2498 Dominus,
1068 2419 1237 2505 subjiciens

281 2519 448 2606 praemium
466 2542 532 2584 esse
555 2519 650 2605 hujus
667 2520 810 2583 mandati
826 2520 852 2583 si
872 2521 1069 2595 observetur,
1086 2533 1123 2585 ut
1143 2521 1238 2606 longo

281 2621 370 2685 vivas
395 2634 555 2707 ternpore:
591 2621 680 2707 quod
708 2621 838 2707 quidem
865 2622 960 2708 adjici
985 2623 1143 2687 mandatis
1167 2622 1238 2686 aliis

282 2746 344 2787 non
357 2724 450 2788 facile
467 2725 617 2810 reperies,
630 2725 690 2790 nisi
705 2725 760 2788 ubi
774 2739 893 2810 patrem
909 2742 940 2791 et
953 2741 1084 2791 matrem
1095 2725 1240 2812 praecipit

279 2826 437 2892 honorari.
485 2826 575 2890 Idem
602 2850 679 2912 ergo
706 2841 821 2913 magno
847 2841 878 2892 et
905 2830 934 2891 ei
960 2829 1045 2915 quod
1073 2828 1239 2892 minimum

282 2928 412 2993 videtur
436 2927 607 2992 subintulit
627 2929 806 3014 praemium,
829 2942 865 2993 ut
886 2931 1013 2995 doceret
1036 2934 1186 3016 quoniam
1206 2943 1239 2994 et

282 3032 405 3095 minimi
436 3031 571 3116 diligens
601 3033 803 3097 observantia
834 3035 909 3099 vitae
935 3036 1155 3119 promeritoria
1180 3048 1237 3101 est.

282 3131 451 3218 Numquid
478 3154 540 3195 non
573 3133 724 3218 scriptum
757 3147 815 3211 est,
842 3134 991 3220 quoniam
1023 3134 1079 3220 qui
1109 3136 1239 3200 minima

281 3233 401 3319 spernit
428 3233 582 3319 paulatim
606 3234 750 3299 decidet:
787 3249 818 3300 et
847 3237 904 3323 qui
932 3238 963 3301 in
987 3238 1111 3301 modico
1133 3240 1238 3304 fidelis

279 3345 342 3408 est,
360 3354 458 3419 super
474 3333 575 3399 multa
586 3334 819 3401 constituetur?
842 3340 910 3402 Nec
925 3337 984 3403 hoc
999 3339 1134 3404 dixerim
1149 3340 1239 3427 quod

279 3458 387 3499 omnes
407 3437 535 3522 capiant
550 3439 683 3502 verbum
707 3438 812 3507 istud:
844 3453 900 3505 aut
922 3434 1010 3527 quod
1026 3466 1085 3527 ego
1108 3443 1238 3507 minima

280 3537 450 3623 diligenter
473 3541 649 3620 observem,
664 3542 720 3628 qui
747 3566 832 3628 saepe
847 3555 879 3606 et
905 3544 1042 3607 multum
1058 3545 1091 3607 in
1115 3547 1238 3629 magnis

281 3639 434 3726 delinquo
445 3655 477 3705 et
494 3644 649 3709 maximis.
677 3646 710 3710 Si
726 3645 857 3733 quidem
869 3644 1050 3709 obedientia
1062 3648 1238 3710 maximum

280 3756 327 3807 est
343 3745 541 3824 mandatum,
554 3747 620 3809 sine
632 3747 723 3831 cujus
734 3746 927 3832 diligentiori
943 3745 1088 3810 custodia
1102 3746 1237 3812 salutem

282 3859 507 3927 provectorum
521 3847 629 3911 nullus
638 3849 827 3935 assequitur.
850 3847 969 3913 Melior
978 3864 1025 3912 est
1036 3848 1118 3911 enim
1130 3850 1238 3913 obedi-

281 3950 366 4011 entia
382 3972 477 4034 quam
495 3952 642 4015 victimae.
689 3951 777 4016 Siout
792 3975 810 4014 e
824 3950 922 4015 latere
943 3952 1061 4014 crimen
1084 3951 1238 4015 ariolandi

279 4060 341 4124 est,
351 4072 539 4135 repugnare,
548 4065 580 4116 et
590 4056 682 4138 quasi
692 4053 794 4116 scelus
805 4052 993 4117 idololatriae
1004 4053 1087 4117 nolle
1096 4057 1236 4138 acquies-

282 4171 361 4213 cere.
407 4155 451 4220 Et
468 4169 505 4217 ut
520 4156 561 4218 ad
582 4155 752 4219 obediendi
769 4155 919 4219 virtutem
942 4155 1058 4218 fortius
1079 4154 1238 4234 animeris,

283 4250 402 4314 domini
419 4275 510 4339 papae
527 4268 557 4319 te
573 4258 674 4322 munit
691 4260 879 4333 auctoritas,
892 4258 974 4322 sicut
990 4258 1087 4321 babes
1098 4278 1138 4319 ex
1153 4257 1237 4323 litte-

282 4352 336 4428 ria,
354 4376 433 4438 quas
448 4355 601 4441 episcope
614 4358 760 4443 Wigorn.
786 4382 889 4445 nuper
910 4360 1044 4445 scripsit,
1061 4358 1236 4425 consulenti
