3034 5200
281 719 388 793 11695]
666 738 841 784 arrsroma.
1132 750 1137 765 ·
1168 731 1232 790 219

278 909 343 968 quo
376 885 459 970 juris
488 884 598 948 ordine
636 887 873 952 Cantuariensis
910 893 1232 959 excommunicaverit

279 990 441 1072 episcopos
463 1000 495 1052 et
518 987 595 1052 alios
621 1011 683 1052 nou
706 990 867 1054 convictos
890 989 931 1052 de
954 992 1085 1055 crimine
1107 1016 1163 1056 seu
1179 993 1231 1058 ¹de

278 1092 486 1169 contumacia,
506 1112 563 1153 nec
586 1090 755 1166 confessos,
779 1089 833 1152 sed
856 1112 913 1152 nec
935 1090 1049 1155 citatos
1071 1092 1177 1171 semel,
1199 1105 1232 1158 et

277 1189 364 1274 quod
381 1191 510 1274 gravius
526 1204 574 1255 est
588 1202 662 1277 post
677 1190 936 1277 appellationem:
964 1192 1141 1258 mirandum
1160 1195 1232 1279 qui-

278 1291 350 1354 dem
377 1303 458 1356 esset
486 1293 511 1355 si
540 1295 580 1356 de
603 1293 738 1356 veritate
765 1293 961 1377 querimonia
985 1296 1154 1376 niteretur,
1176 1297 1231 1360 sed

278 1415 368 1456 secus
383 1406 450 1465 est;
477 1393 627 1478 quoniam
651 1415 747 1478 opera
769 1415 877 1456 eorum
901 1417 964 1458 non
989 1394 1083 1458 modo
1098 1419 1231 1481 praeces·

279 1505 387 1557 serunt
416 1493 457 1556 ad
487 1493 659 1579 judicium,
695 1493 749 1556 sed
779 1494 812 1556 in
848 1517 882 1559 se
917 1499 1010 1581 quasi
1045 1498 1169 1582 pigram
1199 1510 1232 1563 et

280 1595 458 1659 tardantem
493 1595 787 1658 condemnationem
825 1597 1059 1680 provocabant:
1101 1610 1133 1662 et
1167 1620 1232 1662 non

280 1708 405 1759 tantum
422 1719 522 1781 quum
538 1696 726 1781 oportuerit,
738 1697 780 1760 ab
794 1697 978 1762 hominibus
994 1697 1230 1780 convincentur,

281 1796 335 1859 sed
354 1796 469 1861 clamat
492 1807 602 1860 contra
622 1818 674 1858 eos
697 1794 812 1858 coelum
836 1808 867 1860 et
890 1807 993 1860 terra:
1024 1796 1110 1859 unde
1132 1810 1165 1861 et
1186 1798 1232 1861 eis

280 1895 500 1982 appellationis
534 1895 711 1960 subsidium
745 1920 764 1959 a
801 1895 947 1961 Romano
979 1898 1128 1983 pontifice
1157 1899 1232 1983 jure

280 1998 478 2061 subtractum
494 2008 559 2060 est:
591 2008 623 2060 et
640 1997 878 2081 archiepiscopo
893 1996 925 2058 in
948 1997 1053 2082 ipsum
1077 2021 1184 2082 regem
1199 2011 1232 2064 et

281 2120 413 2181 regnum
440 2108 472 2161 et
497 2119 646 2183 personas
672 2097 763 2181 regni
790 2096 905 2160 collata
933 2097 1037 2182 plenae
1066 2098 1232 2183 potestatis

280 2200 453 2264 auctoritas
478 2198 519 2261 ad
545 2220 669 2261 omnem
695 2197 944 2261 inobedientiam
971 2199 1178 2284 puniendam,
1199 2213 1232 2266 et

279 2298 494 2386 reprimendos
508 2297 646 2361 ecclesiae
662 2297 890 2378 malefactores,
906 2310 937 2362 et
953 2322 1038 2364 suos.
1082 2301 1232 2366 Procedit

279 2424 355 2485 ergo
384 2399 566 2484 apostolicae
595 2398 678 2462 sedis
714 2400 858 2463 munitus
886 2399 1032 2464 consilio:
1071 2415 1103 2465 et
1133 2424 1234 2487 nuper

279 2500 414 2585 receptis
443 2499 580 2585 propriis
609 2499 732 2562 nunciis
765 2512 797 2562 et
832 2498 947 2563 litteris
981 2500 1104 2565 domini
1139 2525 1231 2588 papae

280 2624 411 2666 securus
427 2602 531 2666 factus
546 2613 605 2677 est,
621 2601 708 2687 quod
724 2624 762 2666 ea
784 2625 858 2687 quae
875 2604 1023 2669 statuerit
1044 2627 1106 2668 non
1129 2618 1233 2669 muta-

279 2705 410 2769 buntur.
456 2704 721 2789 Arcbiepiscopus
744 2716 849 2767 tamen
876 2718 1006 2789 paratus
1032 2719 1079 2769 est
1107 2728 1232 2771 excom-

280 2806 455 2870 municatos
490 2804 562 2868 illos
591 2805 767 2882 absolvere,
796 2804 969 2869 secuudum
1000 2804 1232 2871 iustitutionem

279 2919 407 2993 patrum
435 2918 466 2970 et
497 2905 635 2971 ecclesiae
659 2906 805 2980 formam,
829 2910 856 2972 si
885 2908 1095 2992 poenituerint
1121 2907 1230 2973 fructu

277 3007 453 3092 condigno:
486 3011 512 3071 si
527 3031 602 3071 vero
624 3007 655 3069 in
679 3030 715 3070 ea
738 3030 811 3092 quae
834 3020 1000 3093 coeperunt
1022 3011 1232 3090 contumacia,

279 3109 370 3192 quod
394 3108 489 3186 absit,
503 3105 655 3170 duxerint
678 3108 923 3191 persistendum,
938 3109 1006 3194 ipse
1028 3109 1095 3174 vita
1117 3110 1232 3174 comite

280 3207 431 3293 procedet
448 3206 599 3271 ulterius:
622 3230 679 3270 nec
695 3220 769 3270 ante
784 3221 915 3293 reponet
930 3209 1074 3294 gladium
1091 3212 1231 3296 Spiritus

281 3310 314 3371 in
336 3308 482 3393 vaginam
505 3330 601 3392 quam
625 3320 709 3373 terra
731 3320 889 3394 purgetur
912 3332 930 3372 a
953 3315 1050 3375 tantis
1071 3313 1232 3376 abomina-

280 3410 431 3474 tionibus.
487 3413 571 3474 Nam
597 3408 629 3472 in
655 3409 806 3474 infectum
833 3422 865 3472 et
893 3424 1076 3475 concretum
1102 3412 1232 3497 pulvere

282 3514 398 3597 septies
412 3534 521 3576 mucro
537 3511 740 3597 stringendus
756 3525 815 3591 est,
832 3525 868 3576 ut
885 3512 978 3597 Syria
992 3517 1185 3579 conteratur.

255 3688 260 3693 ⁷
325 3613 420 3691 Quod
457 3626 576 3690 autem,
608 3633 644 3677 ut
682 3614 785 3690 aiunt,
824 3613 1026 3696 Reginaldus
1062 3612 1231 3678 archidiac.

277 3714 406 3799 jactitat
429 3714 514 3799 quod
533 3714 567 3776 hi
582 3713 689 3777 nuncii
711 3714 832 3776 domini
854 3735 948 3798 papae
970 3732 1078 3774 omnes
1100 3725 1233 3777 conatus

281 3828 314 3879 et
328 3815 415 3879 facta
437 3814 664 3898 archiepiscopi
687 3813 861 3899 apostolica
883 3813 1073 3876 auctoritate
1098 3836 1232 3878 evacua-

283 3916 375 3994 bunt,
404 3916 466 4000 ipsi
499 3916 593 4001 plane
621 3914 812 3991 diffitentur,
842 3925 1015 3978 asserentes
1043 3937 1117 3978 cum
1145 3916 1233 3999 jura-

283 4027 388 4078 mento
419 4015 504 4099 quod
535 4017 566 4079 in
597 4012 797 4099 dispendium
828 4013 1056 4099 archiepiscopi
1085 4012 1162 4076 nihil
1192 4038 1233 4078 ex

283 4115 446 4197 proposito
467 4116 595 4195 facient,
618 4115 671 4179 sed
695 4136 751 4176 nec
773 4114 875 4178 facere
898 4127 1043 4199 possunt,
1066 4113 1121 4176 sed
1145 4113 1233 4179 utili·

285 4225 382 4276 tatem
398 4215 465 4297 ejus
481 4229 512 4278 et
528 4216 679 4280 honorem
695 4214 834 4278 ecclesiae
857 4215 1114 4300 quibuscumque
1132 4213 1234 4279 modis

283 4314 457 4379 secundum
478 4317 581 4381 Deum
602 4330 752 4401 poteraut
769 4317 996 4400 procurabunt.
1041 4316 1085 4378 Et
1103 4313 1232 4399 quidem
