3034 5200
293 711 398 794 riou]
673 730 851 775 nrlsronn.
1184 716 1238 775 141

292 883 437 946 Romano
450 882 609 968 pontifice,
626 905 682 945 nec
698 904 773 966 rege
789 881 945 957 Francia,
957 902 1014 944 nec
1028 903 1125 966 opera
1140 880 1244 944 cardi·

290 983 422 1062 nalium,
437 1006 493 1048 nec
509 983 618 1070 aliquo
637 995 754 1070 praeter
773 982 864 1046 illum
880 983 937 1069 qui
958 982 1082 1046 medius
1096 995 1156 1061 est,
1170 983 1243 1047 ubi·

289 1108 424 1171 cumque
447 1085 513 1150 duo
536 1085 585 1148 vel
613 1099 676 1148 tres
701 1097 936 1170 congregantur
958 1087 990 1148 in
1014 1085 1140 1147 nomine
1161 1085 1241 1169 ejus.

291 1187 352 1252 Sed
367 1188 453 1254 istud
470 1187 638 1273 adimpleri
661 1208 723 1250 non
744 1199 862 1272 potest,
877 1187 936 1250 nisi
952 1185 1013 1272 ipsi
1035 1184 1242 1272 personaliter

289 1290 524 1377 colloquantur,
538 1302 569 1353 et
586 1289 646 1353 sibi
668 1299 785 1352 mutuo
804 1288 844 1352 de
867 1311 899 1351 se
918 1287 1094 1354 adinvicem
1110 1290 1242 1354 fecerint

289 1391 394 1456 fidem.
443 1392 514 1456 Scio
528 1391 611 1455 enim
632 1390 720 1477 quod
736 1391 762 1454 si
777 1390 858 1455 alter
873 1389 913 1453 de
928 1390 1028 1454 altero
1049 1402 1153 1477 posset
1167 1413 1242 1454 con·

290 1495 399 1575 fidere,
422 1494 484 1579 ipsi
510 1493 570 1557 sibi
599 1493 750 1577 optimam
781 1491 937 1557 dictarent
968 1506 1000 1556 et
1026 1493 1141 1557 inirent
1171 1515 1245 1556 con-

292 1596 409 1661 cordiae
435 1597 581 1660 formam.
627 1597 672 1659 Et
702 1594 832 1681 quidem
858 1618 915 1659 rex
945 1595 1026 1659 bene
1051 1593 1175 1680 plenam
1202 1593 1243 1658 de

291 1699 539 1784 archiepiscopo,
556 1698 638 1761 sicut
653 1697 823 1762 certissime
838 1697 987 1778 arbitror,
1002 1709 1110 1783 posset
1126 1697 1243 1761 babere

294 1798 460 1862 fiduciam:
495 1799 573 1884 quia
600 1801 648 1862 vir
672 1797 843 1882 religiosus
867 1813 932 1863 est:
967 1810 999 1862 et
1025 1797 1059 1861 id
1085 1797 1243 1863 duntaxat

292 1923 385 1986 agere
410 1901 531 1978 studet,
558 1901 644 1987 quod
671 1899 711 1964 ad
742 1899 875 1985 gloriam
901 1901 964 1964 Dei
990 1900 1133 1986 proficiat
1159 1913 1191 1965 et
1214 1900 1243 1964 ei

292 2002 432 2066 conferat
449 2001 489 2067 ad
506 2002 650 2068 salutem.
690 2001 828 2067 Rediens
843 2025 944 2087 nuper
959 2025 978 2065 a
994 2013 1102 2065 sancto
1112 2000 1244 2087 AEgidio

291 2127 385 2170 sanus
399 2117 431 2168 et
451 2104 617 2168 incolumis
640 2127 697 2187 per
719 2103 825 2187 ipsum
850 2102 1020 2167 transitum
1035 2102 1108 2182 feci,
1123 2114 1155 2166 et
1178 2113 1242 2166 tam

291 2229 362 2269 eum
386 2229 479 2292 qnam
502 2205 651 2269 coexules
673 2228 744 2270 suos
765 2227 857 2268 sanos
878 2227 944 2268 esse
966 2205 1095 2289 gavisus
1117 2226 1199 2280 sum,
1214 2217 1246 2269 et

290 2308 323 2371 in
344 2307 460 2373 divinis
482 2306 639 2371 exercitiis
661 2319 840 2392 occupatos.
885 2306 1089 2391 Expectabat
1110 2305 1244 2370 nuncios

293 2431 364 2473 suos
380 2431 399 2471 a
413 2408 486 2472 sede
508 2408 682 2495 apostolica
702 2407 888 2472 redeuntes:
913 2407 969 2471 sed
990 2407 1065 2495 quia
1086 2420 1245 2493 quatenus

292 2509 484 2594 profecerint
505 2509 660 2572 incertum
684 2520 742 2584 est,
764 2508 842 2593 quid
866 2531 961 2595 super
982 2531 1021 2572 eo
1042 2510 1245 2575 scribendum

294 2610 334 2674 sit
357 2610 471 2677 nescio.
518 2613 658 2675 Parvum
683 2609 901 2675 munusculum
919 2610 1008 2674 vobis
1028 2611 1127 2677 mittit
1147 2613 1245 2676 frater

293 2737 393 2788 meus,
421 2713 481 2779 sibi
511 2737 614 2800 nuper
644 2712 881 2779 transmissum:
915 2712 947 2777 in
973 2736 1051 2799 quo,
1079 2714 1104 2777 si
1130 2711 1245 2800 placet,

293 2817 401 2902 potius
416 2817 588 2881 metiemini
600 2816 800 2881 devotionem
817 2815 984 2891 mittentis,
996 2838 1093 2901 quam
1109 2815 1245 2901 gratiam

294 2919 342 2983 vel
358 2942 450 2983 usum
465 2918 614 2983 muneris.
652 2922 702 2982 De
717 2918 767 2981 his
783 2940 856 3003 quae
872 2929 1043 2981 vertuntur
1058 2917 1141 2981 inter
1156 2938 1247 3001 reges

294 3021 371 3105 quid
396 3022 529 3086 scribam
551 3021 666 3096 nescio,
691 3022 766 3106 quia
788 3020 894 3084 adbuc
915 3022 1071 3084 incertum
1095 3032 1142 3085 est
1164 3020 1245 3107 quid

293 3120 401 3184 nuncii
416 3124 500 3205 regis
516 3122 654 3206 Angliae,
672 3121 729 3207 qui
749 3121 791 3185 ad
815 3121 961 3186 comitem
986 3122 1162 3186 Henricum
1179 3136 1244 3188 tam

293 3222 405 3285 crebro
419 3220 601 3286 discurrunt
618 3221 741 3287 valeant
757 3221 910 3288 obtinere.
941 3224 1154 3290 comesenim
1171 3249 1246 3311 pro-

293 3334 383 3387 curat
407 3322 492 3407 apnd
515 3346 620 3408 regem
638 3325 833 3388 Francorum
857 3347 982 3391 causam
998 3325 1129 3392 alterius
1150 3328 1244 3413 regis.

296 3425 456 3491 Dominus
482 3425 666 3491 Willelmus
693 3427 856 3514 Papiensis
881 3427 1027 3494 interfuit
1053 3430 1245 3494 ordinationi

295 3529 497 3594 Carnoteusis
518 3527 618 3605 electi,
637 3530 696 3594 viri
719 3530 849 3615 quidem
874 3553 997 3616 magnae
1012 3532 1089 3616 spei,
1104 3546 1135 3596 et
1150 3532 1245 3595 famae

294 3632 483 3707 clarissimae,
495 3644 526 3697 et
538 3655 662 3717 magnae
677 3632 887 3713 auctoritatis,
899 3644 931 3696 et
943 3631 1055 3697 virium
1071 3630 1244 3695 multarum

293 3735 324 3797 in
341 3757 439 3820 regno
456 3736 661 3799 Francorum.
707 3736 742 3798 Is
756 3747 804 3799 est
820 3747 891 3820 post
908 3756 1014 3818 regem
1031 3732 1175 3798 Francioe
1189 3733 1245 3821 qui

294 3838 423 3901 domino
447 3836 668 3900 Cantuariensi
692 3850 722 3900 et
746 3835 812 3899 suis
833 3835 1058 3920 patrocinium,
1080 3836 1245 3901 consilium

293 3954 323 4003 et
339 3939 494 4003 auxilinm
511 3935 716 4022 singulariter
733 3950 875 4023 praestat.
924 3939 1021 4003 Vobis
1040 3950 1147 4003 autem
1164 3937 1247 4000 desi-

294 4042 383 4105 derat
398 4040 564 4105 samiliaris
579 4062 664 4115 esse;
689 4051 720 4104 et
738 4039 859 4104 utinam
876 4041 1070 4126 quandoque
1085 4042 1157 4102 Deo
1171 4058 1245 4121 pro-

296 4141 430 4226 pitiante
454 4142 623 4206 amicitiam
651 4141 786 4207 ulterius
810 4141 933 4205 ineatis.
980 4142 1053 4204 Noa
1083 4150 1132 4203 est
1161 4139 1246 4201 enim

296 4248 328 4308 in
351 4242 434 4307 clero
456 4244 611 4324 Franciae,
628 4257 664 4309 ut
686 4267 726 4306 ex
749 4243 847 4305 animi
870 4245 1026 4306 sententia
1047 4239 1168 4327 loquar,
1190 4239 1246 4324 qui

296 4366 368 4407 eum
384 4344 554 4431 prudentia
569 4359 599 4410 et
616 4344 797 4431 eloquentia
811 4342 990 4409 antecedat.
