3034 5200
291 732 402 823 1666]
645 787 647 792 -
669 745 851 806 marona.
1206 749 1244 808 19

286 912 383 994 piam,
412 922 471 978 uec
499 913 661 994 angustias
688 911 828 986 timeam,
854 921 910 974 ant
934 912 1121 978 erubescam
1148 915 1240 996 igno·

285 1015 416 1082 minium
436 1014 644 1100 paupertatis,
665 1012 843 1097 discipulus
857 1023 890 1076 et
909 1014 1070 1096 professor
1089 1017 1239 1100 pauperis

284 1115 425 1192 Christis
464 1127 571 1181 comus
609 1116 651 1179 ab
680 1113 783 1196 ipsius
812 1113 951 1177 veritatis
981 1117 1121 1195 oraculo,
1149 1120 1238 1201 qnod

285 1216 413 1283 tristitia
422 1227 532 1283 nostra
543 1227 683 1282 vertetur
693 1216 727 1279 in
739 1214 903 1296 gaudium.
948 1215 1070 1280 Fidelis
1081 1219 1166 1282 anim
1178 1234 1237 1298 est,

284 1339 343 1384 uec
359 1318 498 1402 patietur
510 1319 645 1402 pusillos
660 1330 693 1382 et
705 1316 848 1401 pupillos
870 1337 946 1382 suos
960 1318 1061 1381 teneri
1084 1341 1180 1403 supra
1202 1322 1235 1385 id

283 1419 372 1502 quod
386 1432 542 1502 possunt:
566 1419 625 1485 aad
646 1419 687 1484 ad
709 1419 845 1500 gloriam
864 1439 954 1482 suam
970 1420 1065 1483 saciet
1078 1435 1115 1483 nt
1133 1423 1235 1487 humi-

283 1520 362 1584 lium
376 1522 512 1586 tentatio
521 1521 716 1586 sistrauseat
724 1521 761 1584 in
770 1520 958 1604 profectum.
981 1520 1236 1589 Caeterumundo

285 1622 366 1689 mibi
386 1623 524 1700 iuterim,
546 1622 719 1686 amicorum
740 1621 938 1700 dulcissime,
961 1634 997 1685 ut
1019 1635 1083 1686 tua
1105 1645 1236 1709 respon·

285 1722 381 1788 deam
394 1722 593 1792 liberalitati?
616 1725 699 1789 Eam
713 1745 854 1808 namque
869 1723 1069 1789 dissimulare
1079 1747 1146 1789 non
1160 1748 1235 1810 pos-

284 1846 369 1904 sum,
389 1846 484 1910 quam
505 1827 598 1892 toties
625 1839 779 1910 expertus
800 1827 925 1910 loquor,
954 1825 1048 1910 cnjus
1076 1828 1236 1892 beneficia

285 1926 379 1993 toties
401 1927 463 1994 mei
485 1939 665 2006 senserunt,
686 1926 814 2011 quoties
836 1927 1059 2011 opportunitas
1084 1927 1159 1993 data
1173 1941 1234 2005 est,

284 2038 319 2093 ut
332 2037 394 2093 tua
408 2029 549 2096 omitatis
563 2030 680 2095 solatio
695 2029 882 2094 numnam.
926 2028 1022 2101 Quod
1036 2029 1145 2114 itaque
1161 2052 1235 2115 pos-

282 2151 353 2195 sum
372 2130 414 2197 ad
434 2151 574 2215 praeseus
592 2130 709 2212 gratius
730 2128 901 2195 devotione
923 2130 1081 2195 maximas
1098 2125 1171 2213 ago,
1185 2134 1234 2195 in»

282 2228 463 2293 dubitanter
474 2242 662 2312 expectans,
673 2243 709 2293 ut
718 2229 915 2293 miserationi
924 2243 1034 2294 rastra
1046 2232 1235 2315 respondeat

281 2335 316 2396 in
331 2333 550 2418 misericordia
570 2334 673 2412 uberi,
695 2333 749 2395 cui
763 2332 798 2394 in
819 2334 911 2396 robis
932 2334 1163 2399 beneficiorum
1179 2359 1235 2421 pe-

283 2434 414 2497 cuniam
444 2433 578 2496 dedistis
599 2432 642 2496 ad
663 2454 802 2496 usuram.
848 2430 922 2498 Hoc
946 2435 1031 2498 enim
1061 2438 1162 2500 solum
1185 2451 1235 2502 est

282 2533 411 2597 honesti
437 2533 570 2596 faenoris
592 2553 704 2615 genua
724 2544 757 2595 et
778 2533 866 2617 quod
892 2555 1056 2598 usurarum
1081 2550 1115 2602 et
1137 2539 1234 2603 totius

283 2634 435 2713 araritiae,
460 2633 704 2698 condemnatrix
730 2636 848 2716 pagina
874 2637 1014 2701 veritatis
1043 2660 1108 2702 non
1136 2641 1233 2703 modo

282 2736 429 2815 absolvit,
446 2737 504 2801 sed
523 2738 674 2821 centupla
694 2734 840 2803 mercede
862 2754 1049 2805 remunerat.
1094 2742 1179 2803 Nam
1202 2756 1235 2805 et

281 2840 343 2903 hoc
360 2840 512 2903 Salomon
523 2838 556 2902 in
573 2838 749 2923 proverbiis
762 2839 1036 2904 testaturdioens:
1051 2842 1234 2923 soeneratur

281 2940 422 3004 Domino
449 2941 508 3021 qut
531 2940 686 3021 pauperis
714 2938 893 3016 miseretur,
921 2945 953 3002 ot
980 2940 1234 3006 uicissitudinem

280 3060 376 3104 mum
396 3042 506 3103 reddat
527 3043 576 3102 ei:
600 3039 817 3123 temporaliter
838 3040 968 3123 quidam
997 3056 1156 3126 quatenus
1177 3069 1233 3110 ex·

281 3141 438 3226 pedierit:
454 3141 643 3224 plenissima
655 3152 759 3204 antem
770 3141 978 3207 retributione
990 3144 1024 3207 in
1034 3146 1098 3212 vita
1106 3157 1233 3211 aetsrna.

281 3241 381 3316 Quod
395 3241 422 3305 si
437 3241 547 3305 divina
559 3240 702 3323 dignatio
717 3251 847 3307 monus
861 3244 942 3307 meis
961 3244 1126 3310 desideriis
1140 3249 1233 3312 satis-

282 3345 410 3421 faceret,
424 3353 460 3406 ut
474 3342 730 3406 benefactoribus
745 3344 826 3407 meis
839 3363 899 3406 sua
912 3346 1101 3409 auctoritate
1114 3358 1147 3410 et
1161 3368 1233 3411 meo

282 3444 455 3510 ministerio
469 3445 572 3508 vicum
588 3444 721 3509 duceret
734 3444 986 3527 rependendam,
997 3459 1139 3510 votorum
1155 3458 1232 3511 tem·

281 3546 436 3629 puralium
451 3567 607 3609 sommam
629 3546 708 3608 mihi
731 3546 797 3612 lere
819 3547 952 3609 omnino
967 3548 1125 3612 videretur
1146 3570 1233 3613 asse·

281 3659 407 3731 quutus.
452 3646 516 3711 Sed
532 3648 665 3731 quidde
682 3668 764 3730 pace
774 3657 885 3711 nostra
902 3650 1039 3712 sennam
1050 3669 1114 3709 nou
1136 3648 1233 3731 plane

281 3748 385 3825 video,
400 3748 470 3811 aliis
485 3748 701 3811 asserentibus
715 3770 785 3811 eam
808 3748 1009 3831 desperatius
1023 3749 1176 3830 elongari,
1191 3772 1231 3814 eo

281 3848 368 3933 quod
390 3848 552 3914 Dominus
573 3871 633 3913 rex
654 3860 860 3933 prosperatur
889 3848 923 3911 io
954 3850 1013 3913 viis
1042 3850 1128 3913 suis:
1161 3852 1232 3914 aliis

280 3960 429 4016 econtra
448 3950 630 4016 dicentibus
652 3950 739 4034 quod
758 3951 789 4013 ei
812 3972 879 4032 pax
901 3972 965 4015 non
989 3950 1181 4032 displiceret,
1205 3951 1232 4009 si

280 4053 415 4117 honesta
442 4053 711 4117 reconciliationis
736 4064 917 4115 occurreret
939 4053 1050 4115 forma.
1095 4054 1140 4113 Et
1169 4050 1231 4109 hoc

279 4155 389 4237 utique
411 4153 599 4218 crediderim
623 4154 728 4230 citius,
750 4174 790 4215 eo
813 4152 900 4235 quod
923 4155 969 4215 rir
983 4152 1126 4236 prudens
1148 4150 1232 4208 hanc

279 4254 383 4337 ipsam
398 4275 603 4319 successuum
616 4253 797 4317 facilitatem
813 4263 846 4314 et
861 4253 989 4334 copiam
1003 4249 1099 4311 debet
1113 4244 1232 4307 habere

280 4364 473 4436 suspectam,
490 4367 521 4420 et
536 4355 658 4418 viarum
672 4375 799 4417 suarum
815 4353 963 4415 conscius
977 4360 1063 4412 tutus
1082 4368 1152 4410 esse
1167 4364 1233 4405 non

730 4470 748 4512 c
765 4458 785 4513 2
