3034 5200
281 702 392 779 utu]
462 667 464 671 ,
660 719 840 767 arrsroaa.
1167 709 1229 767 225
1325 664 1328 669 r

280 870 369 954 solet)
393 867 664 935 christianitatem
688 894 777 935 suam
800 871 940 934 obsidem
967 870 1082 934 dabat:
1115 872 1229 936 deiude

262 988 265 994 ·
278 984 431 1056 patruum
450 994 543 1036 suum
559 994 664 1056 regem
682 971 987 1057 Hierosolymorum,
1002 986 1034 1037 et
1049 995 1157 1035 omnes
1172 979 1229 1058 qui

277 1084 489 1138 convenerant
509 1073 721 1138 constituebat
738 1073 951 1159 fidejussores,
965 1073 1053 1159 quod
1069 1098 1109 1137 ex
1125 1079 1231 1139 animo

278 1175 311 1238 in
326 1174 390 1238 fide
404 1187 436 1239 et
451 1175 631 1239 sinceritate
649 1179 804 1241 Cantuar.
819 1174 1054 1260 archiepiscopo
1069 1176 1231 1240 remiserat

279 1299 387 1340 omnes
403 1276 558 1360 querelas,
574 1288 606 1339 et
621 1276 711 1350 iram,
727 1288 759 1339 et
781 1274 877 1339 animi
897 1297 1069 1355 rancorem,
1084 1290 1115 1340 et
1131 1279 1231 1340 omni-

279 1377 341 1444 bus
363 1378 439 1455 suiS,
465 1390 576 1461 petens
603 1391 639 1440 ut
665 1376 815 1453 redirent,
838 1400 896 1441 sua
917 1378 1024 1441 omnia
1045 1378 1077 1440 in
1100 1402 1177 1464 pace
1200 1392 1232 1443 et

283 1478 451 1542 securitate
473 1477 650 1563 recepturi:
674 1499 730 1541 nec
753 1477 873 1564 aliquid
894 1478 1054 1562 exigebat,
1070 1480 1129 1543 nisi
1153 1494 1189 1544 ut
1204 1481 1233 1542 ei

284 1580 380 1644 faciat
409 1579 663 1667 archiepiscopus
695 1580 784 1665 quod
814 1581 882 1664 regi
911 1579 1063 1645 debetur:
1102 1595 1133 1645 et
1163 1584 1233 1667 ipse

284 1680 421 1744 vicissim
450 1678 496 1742 illi
527 1680 613 1764 quod
639 1701 695 1743 rex
720 1679 816 1744 debet
845 1679 1091 1766 archiepiscopo.
1143 1682 1234 1746 Misit

284 1795 391 1848 autem
407 1782 553 1846 abbatem
577 1782 708 1847 Cisterc.
732 1793 764 1844 et
786 1782 913 1844 fratrem
939 1781 1133 1846 Gaufridum
1158 1783 1236 1845 Ful-

284 1883 382 1948 cherii
397 1883 590 1969 Magistrum
614 1882 753 1969 Templi,
768 1894 801 1947 et
824 1883 1017 1948 Gaufridum
1033 1884 1236 1948 Autissiodo-

283 2008 405 2049 rensem
428 1988 577 2061 Senonas,
595 1997 630 2049 ut
642 1987 810 2069 praesatum
829 1987 982 2050 Cantuar.
992 1984 1032 2047 ad
1045 1984 1148 2068 ipsum
1162 2007 1234 2047 cum

284 2088 432 2173 episcopo
464 2088 606 2172 Sagiensi
636 2087 668 2148 in
693 2086 761 2150 baec
788 2087 886 2149 verba
915 2086 1120 2150 adducerent.
1173 2086 1234 2150 sed

286 2188 602 2275 quumfidemeorum
613 2199 769 2272 sequutus
778 2185 1236 2272 archiepiscopusPontisaram

287 2292 433 2366 venisset,
463 2288 667 2352 denunciavit
697 2288 724 2350 ei
754 2287 902 2350 dominus
937 2289 1168 2373 Rotbomagen.
1200 2313 1239 2352 ne

289 2391 483 2477 procederet,
500 2392 576 2473 quia
591 2411 647 2450 rex
663 2402 730 2452 erat
752 2389 784 2450 in
802 2388 953 2473 Angliam
970 2391 1163 2454 transiturus
1178 2393 1238 2455 sub

289 2490 374 2555 omni
389 2489 548 2554 celeritate
562 2512 640 2575 pace
660 2488 789 2554 infecta.
835 2489 1011 2575 Receperat
1033 2505 1143 2555 autem
1157 2492 1240 2557 duos

289 2594 330 2657 de
350 2592 474 2657 nunciis
493 2615 547 2657 sus
569 2591 757 2677 magistrum
781 2591 954 2656 Ricardum
979 2593 1078 2656 Barre
1100 2608 1132 2657 et
1156 2594 1241 2657 Lan-

289 2695 402 2772 davem
425 2694 558 2771 archid,
574 2696 607 2757 iu
629 2715 767 2779 quorum
789 2693 894 2758 reditu
917 2717 981 2780 pax
1004 2695 1159 2778 impedita
1181 2709 1240 2772 est,

291 2796 520 2861 machinatione
536 2798 583 2877 (ut
599 2799 700 2877 aiunt)
717 2796 868 2861 Gaufridi
885 2801 1038 2863 Cantuar.
1053 2798 1173 2862 archid.
1189 2800 1242 2863 cui

290 2902 379 2963 Deus
394 2898 588 2985 quandoque
603 2896 807 2981 respondebit
823 2898 863 2963 ad
879 2898 1000 2963 merita.

333 2999 357 3060 J
359 2999 552 3062 actitabatur
568 3011 644 3061 tunc
660 2999 744 3081 regis
764 2998 897 3061 nuncios
915 2997 1147 3063 absolutionem
1161 3001 1243 3087 epis-

293 3100 364 3186 copi
388 3099 493 3166 Loud.
516 3112 547 3163 et
570 3099 710 3162 omnium
735 3098 870 3162 aliorum
892 3100 1078 3177 obtinuisse,
1101 3117 1132 3167 et
1156 3104 1244 3188 quod

292 3202 527 3286 archiepiscopo
543 3202 705 3266 subtracta
724 3214 791 3265 erat
813 3212 953 3286 potestas
972 3203 1244 3270 animadvertendi

293 3306 326 3367 in
353 3324 459 3387 regem
483 3318 515 3367 et
541 3317 656 3367 terram
683 3325 772 3366 suam
799 3302 864 3366 sive
889 3304 978 3389 regni
1003 3328 1163 3391 personas,
1189 3308 1244 3373 sed

295 3403 457 3469 mendacia
472 3403 557 3467 illico
572 3402 697 3467 detecta
716 3416 803 3480 suut,
819 3405 1115 3487 supervenientibus
1130 3407 1244 3472 litteris

294 3507 413 3571 domini
425 3529 517 3592 papae
533 3505 627 3570 etiam
643 3518 813 3590 antequam
828 3505 1012 3570 Londonen.
1024 3506 1189 3593 episcopus
1203 3509 1245 3572 ad

293 3607 412 3671 curiam
428 3606 488 3670 iter
508 3606 683 3690 arriperet:
709 3601 762 3686 qui
780 3600 993 3686 proculdubio
1013 3600 1113 3664 labori
1133 3625 1246 3688 peper-

295 3709 386 3772 cisset
404 3720 435 3771 et
452 3706 644 3791 sumptibus
662 3704 686 3767 si
704 3708 756 3784 (ut
777 3703 907 3788 quidam
930 3700 1055 3764 mentiti
1077 3705 1163 3783 sunt)
1180 3703 1246 3767 sine

297 3823 386 3874 tanta
411 3807 599 3872 difficultate
625 3804 746 3869 absolvi
771 3803 940 3889 potuisset.
991 3803 1091 3878 Fama
1115 3805 1247 3869 celebris

295 3923 343 3975 est
362 3913 450 3996 quod
472 3918 666 3972 memoratus
689 3907 841 3970 Cantuar.
858 3903 978 3968 archid.
999 3903 1067 3990 regi
1089 3907 1247 3991 persuasit

295 4013 328 4074 in
359 4010 510 4095 Angliam
539 4007 745 4074 transfretare
779 4019 815 4071 ut
844 4007 1008 4092 episcopos
1037 4018 1186 4091 torqueat
1215 4018 1248 4070 et

297 4112 428 4189 clerum,
442 4112 497 4195 qui
508 4122 618 4174 contra
639 4108 801 4173 dominum
817 4131 933 4193 papam
957 4121 989 4172 et
1010 4122 1143 4172 matrem
1160 4129 1248 4171 suam

301 4214 395 4276 Cant.
410 4210 571 4275 ecclesiam
587 4212 699 4296 jurare
713 4210 884 4273 noluerint.
929 4208 1081 4295 Undique
1096 4219 1201 4271 metus
1216 4218 1248 4270 et

301 4312 458 4398 angustiae
491 4312 646 4397 undique,
675 4312 859 4375 necessitate
889 4310 1090 4379 vitandorum
1120 4307 1250 4373 inflicta.

341 4434 411 4479 von.
428 4434 463 4478 11.
764 4432 785 4483 Q
