3034 5200
311 739 375 798 218
591 753 727 799 ioannis
743 752 1020 797 saaasacaruusrs
1168 737 1211 814 [A.
1228 754 1261 799 n.

314 902 358 965 Et
372 901 491 965 insede
507 902 657 967 Sathanae
669 913 791 966 certum
804 914 851 966 est
867 901 1010 965 habitare
1026 903 1217 967 struthiones
1232 913 1267 965 et

310 1005 490 1089 scorpiones
515 1027 588 1095 cum
615 1005 663 1068 his
692 1004 747 1091 qui
773 1014 886 1068 tenent
913 1003 1090 1068 doctrinam
1119 1004 1261 1069 Balaam.

312 1105 435 1172 Valete.

311 1312 532 1376 EPISTOLA
555 1311 810 1376 ccxcii-an
822 1330 1030 1374 uasnwmom
1046 1329 1264 1374 axonrcuscu

511 1431 803 1477 ARchlacoNuM·
850 1412 894 1491 [A.
911 1432 942 1475 n.
961 1416 1070 1490 rica]

370 1581 545 1643 Baldwino
560 1581 742 1644 liconiensi
757 1580 986 1642 archidiacono
999 1580 1144 1642 Joannes
1158 1580 1217 1643 Sa.

488 1711 621 1763 Excussae
633 1712 750 1782 propriis,
765 1710 849 1762 aliena
861 1710 969 1776 negotia
979 1728 1080 1774 curans,
1123 1720 1127 1725 ”

312 1815 404 1896 quasi
425 1835 496 1875 cum
521 1812 807 1878 Cantnariensibns
835 1825 891 1875 ant
913 1813 1038 1875 aemulis
1058 1835 1167 1876 eorum
1190 1812 1268 1876 mihi

314 1909 354 1975 sit
376 1910 506 1995 aliquod
529 1912 753 1976 familiaritatis
768 1912 1004 1986 commercium,
1020 1934 1122 1996 nuper
1137 1911 1168 1975 in
1185 1913 1268 1975 festo

314 2011 415 2074 beatae
431 2013 544 2077 Mariae
566 2011 770 2093 Magdaleuae
785 2011 979 2075 Viaeliacum
997 2012 1161 2095 profectus
1183 2033 1266 2084 sum,

312 2119 490 2174 occurrens
512 2112 558 2174 ibi
594 2110 718 2172 nunciis
752 2109 872 2173 domini
905 2131 1009 2194 papae,
1044 2132 1139 2172 causa
1173 2108 1268 2188 (sicut

315 2210 494 2292 videbatur)
532 2210 715 2274 addiscendi
751 2210 831 2296 quid
873 2210 1117 2276 Cantuarienses
1157 2211 1268 2274 timere

313 2322 458 2394 oporteat
485 2312 535 2375 vel
565 2334 701 2399 sperare.
756 2317 840 2376 Nam
872 2311 940 2376 haec
972 2312 1079 2377 fabula
1107 2313 1173 2375 iere
1203 2313 1269 2375 sola

314 2413 440 2498 linguas
468 2426 499 2478 et
525 2436 618 2478 aures
640 2413 811 2500 utriusque
837 2415 940 2499 regni,
967 2413 1054 2500 qnod
1081 2413 1121 2477 ad
1148 2414 1268 2477 clerum

314 2527 446 2602 spectat,
459 2529 491 2580 et
506 2529 590 2580 certe
605 2515 638 2579 in
654 2539 770 2600 magna
784 2530 875 2602 parte
890 2515 931 2580 ad
946 2515 1114 2605 populum,
1127 2517 1269 2581 creditur

313 2641 478 2705 occupare.
523 2618 751 2684 Desiderabam
776 2632 883 2684 autem
905 2642 1016 2683 revera
1039 2642 1144 2683 meum
1160 2620 1268 2682 videre

314 2721 543 2805 cognominem,
555 2734 586 2786 et
602 2721 690 2807 qnod
702 2723 804 2805 magis
819 2733 866 2784 est
882 2721 1124 2805 compatriotam
1139 2734 1171 2784 et
1186 2743 1266 2805 quo-

314 2819 485 2885 dammodo
500 2822 630 2886 fratrem
647 2822 849 2894 Gratianum,
862 2820 955 2906 cnjus
971 2831 1020 2894 tu,
1038 2833 1074 2883 nt
1089 2819 1267 2883 meminisse

314 2934 415 3006 potes,
430 2947 449 2987 a
466 2938 582 2988 sanctae
597 2922 824 2987 recordationis
839 2944 923 3008 papa
938 2923 1086 3005 Eugenio
1104 2921 1268 2985 Ferentini

315 3022 462 3089 decretus
477 3047 510 3089 es
524 3024 699 3091 institutor.
746 3024 844 3088 Illum
862 3025 994 3089 fratrem
1016 3022 1150 3089 dixerim
1174 3024 1268 3087 confi-

316 3121 428 3187 denter
453 3149 525 3189 cum
554 3150 619 3211 quo
645 3127 724 3191 mihi
750 3126 826 3191 fidei
854 3137 885 3189 et
913 3128 1072 3191 societatis
1099 3137 1173 3189 sunt
1194 3125 1271 3211 jura

315 3225 507 3300 communia,
536 3240 569 3289 et
598 3227 671 3290 licet
700 3250 757 3290 nos
793 3249 856 3290 non
887 3226 1023 3292 ediderit
1060 3249 1123 3289 una
1151 3226 1273 3306 civitas,

315 3324 449 3403 patriam
473 3336 579 3387 tamen
602 3326 691 3389 nobis
718 3349 813 3390 unam
841 3350 993 3390 essenon
1020 3326 1173 3410 ambigit:
1211 3326 1268 3411 qni

318 3420 451 3505 patriam
475 3421 620 3499 fortium,
643 3446 717 3507 quae
740 3426 832 3488 nobis
855 3426 1022 3517 individua
1043 3439 1103 3501 est,
1118 3438 1150 3489 et
1173 3449 1270 3510 quam

319 3522 497 3586 Carmentis
511 3522 662 3600 ostendit,
677 3523 800 3587 reducit
815 3525 854 3587 ad
868 3524 1020 3588 animum.
1053 3525 1109 3587 Ab
1124 3524 1180 3587 illo
1195 3549 1272 3611 ergo

317 3635 349 3686 et
375 3623 458 3687 socio
478 3625 547 3711 ejus
567 3624 702 3689 Viviano
724 3623 823 3688 amice
845 3637 876 3689 et
900 3637 1080 3689 reverenter
1103 3641 1268 3711 exceptus,

318 3724 506 3790 familiarius
535 3726 633 3791 didici
663 3726 751 3814 quod
782 3726 932 3791 dominns
959 3750 1044 3813 papa
1080 3739 1111 3791 et
1141 3728 1273 3798 ecclesia

320 3829 465 3891 Romana
478 3829 760 3893 Cantuariensibus
771 3829 945 3915 plurimum
958 3830 1084 3893 favent:
1109 3829 1189 3892 adeo
1200 3829 1273 3914 qui·

318 3929 390 3993 dem
407 3943 443 3993 ut
458 3929 518 3993 nisi
533 3953 589 3993 rex
605 3954 687 3994 nunc
705 3953 778 3993 cum
795 3932 923 3994 domino
939 3930 1161 3997 cantuariensi
1172 3931 1271 4016 juxta

316 4031 482 4095 consilinm
498 4030 616 4095 domini
632 4053 725 4115 papae
740 4032 851 4096 fecerit
866 4055 986 4118 pacem,
1002 4032 1030 4095 ei
1046 4032 1269 4097 denunciatnri

318 4132 391 4207 sint,
407 4132 494 4218 quod
510 4154 572 4195 non
588 4132 683 4195 modo
698 4131 730 4195 in
745 4155 859 4196 manns
879 4132 1106 4219 archiepiscopi
1128 4133 1270 4213 dabitur,

318 4231 371 4296 aed
388 4236 503 4318 etipse
525 4237 689 4297 Romanus
712 4233 861 4296 Pontifex
884 4233 917 4296 in
940 4255 1012 4297 eum
1036 4247 1269 4318 aggravaturus

317 4342 367 4391 est
382 4354 510 4397 manum
526 4357 626 4399 suam.
665 4334 759 4412 Quod
775 4347 882 4398 autem
900 4334 1019 4399 multos
1035 4336 1142 4399 mirari
1157 4335 1269 4399 asseris
