<?xml version="1.0" encoding="UTF-8"?>
<!DOCTYPE html PUBLIC "-//W3C//DTD XHTML 1.0 Transitional//EN"
    "http://www.w3.org/TR/xhtml1/DTD/xhtml1-transitional.dtd">
<html xmlns="http://www.w3.org/1999/xhtml" xml:lang="en" lang="en">
 <head>
  <title>
</title>
<meta http-equiv="Content-Type" content="text/html;charset=utf-8" />
  <meta name='ocr-system' content='tesseract 3.04.00' />
  <meta name='ocr-capabilities' content='ocr_page ocr_carea ocr_par ocr_line ocrx_word'/>
</head>
<body>
  <div class='ocr_page' id='page_1' title='image "./joannissaresber11johngoog_0260.png"; bbox 0 0 3034 5200; ppageno 0'>
   <div class='ocr_carea' id='block_1_1' title="bbox 293 724 1236 804">
    <p class='ocr_par' dir='ltr' id='par_1_1' title="bbox 293 724 1236 804">
     <span class='ocr_line' id='line_1_1' title="bbox 293 724 1236 804; baseline 0.002 -15"><span class='ocrx_word' id='word_1_1' title='bbox 293 724 400 804; x_wconf 69' lang='lat' dir='ltr'>litu]</span> <span class='ocrx_word' id='word_1_2' title='bbox 676 735 855 786; x_wconf 74' lang='lat' dir='ltr'>arrsroua.</span> <span class='ocrx_word' id='word_1_3' title='bbox 1176 732 1236 791; x_wconf 76' lang='lat'>241</span> 
     </span>
    </p>
   </div>
   <div class='ocr_carea' id='block_1_2' title="bbox 273 892 1239 4524">
    <p class='ocr_par' dir='ltr' id='par_1_2' title="bbox 273 892 1239 4524">
     <span class='ocr_line' id='line_1_2' title="bbox 287 892 1239 979; baseline 0.001 -21"><span class='ocrx_word' id='word_1_4' title='bbox 287 917 402 958; x_wconf 86' lang='lat' dir='ltr'>vacuas</span> <span class='ocrx_word' id='word_1_5' title='bbox 417 916 456 958; x_wconf 86' lang='lat' dir='ltr'>ex</span> <span class='ocrx_word' id='word_1_6' title='bbox 473 915 587 979; x_wconf 87' lang='lat' dir='ltr'>magna</span> <span class='ocrx_word' id='word_1_7' title='bbox 606 904 696 977; x_wconf 89' lang='lat' dir='ltr'>parte</span> <span class='ocrx_word' id='word_1_8' title='bbox 711 906 925 978; x_wconf 89' lang='lat' dir='ltr'>consumptas,</span> <span class='ocrx_word' id='word_1_9' title='bbox 943 909 976 957; x_wconf 90' lang='lat' dir='ltr'>et</span> <span class='ocrx_word' id='word_1_10' title='bbox 998 892 1111 956; x_wconf 87' lang='lat' dir='ltr'>horrea</span> <span class='ocrx_word' id='word_1_11' title='bbox 1132 894 1239 959; x_wconf 88' lang='lat' dir='ltr'>demo-</span> 
     </span>
     <span class='ocr_line' id='line_1_3' title="bbox 273 990 1238 1072; baseline 0.003 -16"><span class='ocrx_word' id='word_1_12' title='bbox 273 995 355 1071; x_wconf 87' lang='lat' dir='ltr'>lita,</span> <span class='ocrx_word' id='word_1_13' title='bbox 368 1008 399 1058; x_wconf 89' lang='lat' dir='ltr'>et</span> <span class='ocrx_word' id='word_1_14' title='bbox 414 1016 502 1058; x_wconf 87' lang='lat' dir='ltr'>areas</span> <span class='ocrx_word' id='word_1_15' title='bbox 516 991 628 1072; x_wconf 88' lang='lat' dir='ltr'>nudas,</span> <span class='ocrx_word' id='word_1_16' title='bbox 638 1005 670 1057; x_wconf 93' lang='lat' dir='ltr'>et</span> <span class='ocrx_word' id='word_1_17' title='bbox 686 992 745 1056; x_wconf 90' lang='lat' dir='ltr'>hoc</span> <span class='ocrx_word' id='word_1_18' title='bbox 756 992 797 1055; x_wconf 87' lang='lat' dir='ltr'>ad</span> <span class='ocrx_word' id='word_1_19' title='bbox 812 990 1057 1056; x_wconf 78' lang='lat' dir='ltr'>consolationem</span> <span class='ocrx_word' id='word_1_20' title='bbox 1074 992 1238 1059; x_wconf 76' lang='lat' dir='ltr'><strong>diuturnae</strong></span> 
     </span>
     <span class='ocr_line' id='line_1_4' title="bbox 285 1093 1235 1183; baseline 0.001 -23"><span class='ocrx_word' id='word_1_21' title='bbox 285 1095 521 1183; x_wconf 84' lang='lat' dir='ltr'>proscriptionis</span> <span class='ocrx_word' id='word_1_22' title='bbox 542 1107 575 1161; x_wconf 92' lang='lat' dir='ltr'>et</span> <span class='ocrx_word' id='word_1_23' title='bbox 597 1093 851 1159; x_wconf 83' lang='lat' dir='ltr'>emendationem</span> <span class='ocrx_word' id='word_1_24' title='bbox 875 1094 1030 1179; x_wconf 88' lang='lat' dir='ltr'>sacrilegii</span> <span class='ocrx_word' id='word_1_25' title='bbox 1053 1098 1235 1181; x_wconf 88' lang='lat' dir='ltr'>perpetrati.</span> 
     </span>
     <span class='ocr_line' id='line_1_5' title="bbox 285 1196 1237 1284; baseline 0.002 -22"><span class='ocrx_word' id='word_1_26' title='bbox 285 1200 330 1263; x_wconf 89' lang='lat' dir='ltr'>Et</span> <span class='ocrx_word' id='word_1_27' title='bbox 345 1219 446 1284; x_wconf 91' lang='lat' dir='ltr'>quum</span> <span class='ocrx_word' id='word_1_28' title='bbox 463 1220 527 1284; x_wconf 86' lang='lat' dir='ltr'>pax</span> <span class='ocrx_word' id='word_1_29' title='bbox 543 1210 651 1261; x_wconf 90' lang='lat' dir='ltr'>nostra</span> <span class='ocrx_word' id='word_1_30' title='bbox 666 1197 756 1261; x_wconf 89' lang='lat' dir='ltr'>nobis</span> <span class='ocrx_word' id='word_1_31' title='bbox 771 1198 804 1260; x_wconf 95' lang='lat' dir='ltr'>in</span> <span class='ocrx_word' id='word_1_32' title='bbox 821 1198 901 1260; x_wconf 84' lang='lat' dir='ltr'>sesto</span> <span class='ocrx_word' id='word_1_33' title='bbox 915 1196 1019 1261; x_wconf 84' lang='lat' dir='ltr'>beatae</span> <span class='ocrx_word' id='word_1_34' title='bbox 1034 1197 1237 1283; x_wconf 83' lang='lat' dir='ltr'>Magdalenae</span> 
     </span>
     <span class='ocr_line' id='line_1_6' title="bbox 283 1297 1236 1376; baseline 0 -12"><span class='ocrx_word' id='word_1_35' title='bbox 283 1299 396 1364; x_wconf 85' lang='lat' dir='ltr'>fuisset</span> <span class='ocrx_word' id='word_1_36' title='bbox 411 1299 593 1376; x_wconf 84' lang='lat' dir='ltr'>reformata,</span> <span class='ocrx_word' id='word_1_37' title='bbox 609 1311 641 1362; x_wconf 90' lang='lat' dir='ltr'>et</span> <span class='ocrx_word' id='word_1_38' title='bbox 657 1297 873 1363; x_wconf 86' lang='lat' dir='ltr'>serenissimus</span> <span class='ocrx_word' id='word_1_39' title='bbox 896 1297 1044 1363; x_wconf 89' lang='lat' dir='ltr'>dominus</span> <span class='ocrx_word' id='word_1_40' title='bbox 1059 1312 1165 1364; x_wconf 91' lang='lat' dir='ltr'>noster</span> <span class='ocrx_word' id='word_1_41' title='bbox 1180 1323 1236 1364; x_wconf 88' lang='lat' dir='ltr'>rex</span> 
     </span>
     <span class='ocr_line' id='line_1_7' title="bbox 284 1399 1237 1487; baseline 0.002 -22"><span class='ocrx_word' id='word_1_42' title='bbox 284 1402 424 1467; x_wconf 88' lang='lat' dir='ltr'>filiosuo</span> <span class='ocrx_word' id='word_1_43' title='bbox 439 1422 523 1464; x_wconf 94' lang='lat' dir='ltr'>novo</span> <span class='ocrx_word' id='word_1_44' title='bbox 538 1401 607 1486; x_wconf 86' lang='lat' dir='ltr'>regi</span> <span class='ocrx_word' id='word_1_45' title='bbox 629 1399 744 1465; x_wconf 88' lang='lat' dir='ltr'>litteris</span> <span class='ocrx_word' id='word_1_46' title='bbox 767 1399 951 1485; x_wconf 86' lang='lat' dir='ltr'>patentibus</span> <span class='ocrx_word' id='word_1_47' title='bbox 971 1401 1183 1487; x_wconf 87' lang='lat' dir='ltr'>praecepisset,</span> <span class='ocrx_word' id='word_1_48' title='bbox 1200 1417 1237 1467; x_wconf 92' lang='lat' dir='ltr'>ut</span> 
     </span>
     <span class='ocr_line' id='line_1_8' title="bbox 284 1500 1238 1589; baseline 0 -22"><span class='ocrx_word' id='word_1_49' title='bbox 284 1503 520 1589; x_wconf 87' lang='lat' dir='ltr'>archiepiscopo</span> <span class='ocrx_word' id='word_1_50' title='bbox 530 1515 561 1566; x_wconf 91' lang='lat' dir='ltr'>et</span> <span class='ocrx_word' id='word_1_51' title='bbox 575 1501 641 1566; x_wconf 89' lang='lat' dir='ltr'>suis</span> <span class='ocrx_word' id='word_1_52' title='bbox 652 1501 756 1565; x_wconf 88' lang='lat' dir='ltr'>omnia</span> <span class='ocrx_word' id='word_1_53' title='bbox 768 1500 1012 1566; x_wconf 81' lang='lat' dir='ltr'>restituerentur</span> <span class='ocrx_word' id='word_1_54' title='bbox 1022 1501 1054 1565; x_wconf 90' lang='lat' dir='ltr'>in</span> <span class='ocrx_word' id='word_1_55' title='bbox 1064 1502 1238 1589; x_wconf 86' lang='lat' dir='ltr'>integrum,</span> 
     </span>
     <span class='ocr_line' id='line_1_9' title="bbox 284 1602 1236 1693; baseline 0 -24"><span class='ocrx_word' id='word_1_56' title='bbox 284 1616 381 1693; x_wconf 87' lang='lat' dir='ltr'>prout</span> <span class='ocrx_word' id='word_1_57' title='bbox 411 1605 539 1669; x_wconf 88' lang='lat' dir='ltr'>fuerant</span> <span class='ocrx_word' id='word_1_58' title='bbox 565 1603 669 1669; x_wconf 88' lang='lat' dir='ltr'>tribus</span> <span class='ocrx_word' id='word_1_59' title='bbox 694 1602 857 1669; x_wconf 91' lang='lat' dir='ltr'>mensibus</span> <span class='ocrx_word' id='word_1_60' title='bbox 885 1615 1057 1690; x_wconf 88' lang='lat' dir='ltr'>antequam</span> <span class='ocrx_word' id='word_1_61' title='bbox 1085 1605 1236 1689; x_wconf 88' lang='lat' dir='ltr'>Angliam</span> 
     </span>
     <span class='ocr_line' id='line_1_10' title="bbox 285 1704 1235 1795; baseline -0.002 -22"><span class='ocrx_word' id='word_1_62' title='bbox 285 1708 523 1795; x_wconf 87' lang='lat' dir='ltr'>egrederentur,</span> <span class='ocrx_word' id='word_1_63' title='bbox 536 1728 645 1770; x_wconf 92' lang='lat' dir='ltr'>omnes</span> <span class='ocrx_word' id='word_1_64' title='bbox 660 1718 765 1771; x_wconf 86' lang='lat' dir='ltr'>tamen</span> <span class='ocrx_word' id='word_1_65' title='bbox 783 1704 906 1769; x_wconf 88' lang='lat' dir='ltr'>reditus</span> <span class='ocrx_word' id='word_1_66' title='bbox 921 1705 1047 1769; x_wconf 89' lang='lat' dir='ltr'>nomine</span> <span class='ocrx_word' id='word_1_67' title='bbox 1062 1707 1132 1793; x_wconf 89' lang='lat' dir='ltr'>ejus</span> <span class='ocrx_word' id='word_1_68' title='bbox 1154 1729 1235 1792; x_wconf 87' lang='lat' dir='ltr'>prae·</span> 
     </span>
     <span class='ocr_line' id='line_1_11' title="bbox 286 1807 1235 1897; baseline -0.003 -22"><span class='ocrx_word' id='word_1_69' title='bbox 286 1810 369 1896; x_wconf 91' lang='lat' dir='ltr'>repti</span> <span class='ocrx_word' id='word_1_70' title='bbox 399 1822 485 1888; x_wconf 91' lang='lat' dir='ltr'>sunt,</span> <span class='ocrx_word' id='word_1_71' title='bbox 514 1809 570 1896; x_wconf 89' lang='lat' dir='ltr'>qui</span> <span class='ocrx_word' id='word_1_72' title='bbox 604 1831 707 1895; x_wconf 92' lang='lat' dir='ltr'>usque</span> <span class='ocrx_word' id='word_1_73' title='bbox 738 1808 780 1872; x_wconf 91' lang='lat' dir='ltr'>ad</span> <span class='ocrx_word' id='word_1_74' title='bbox 815 1807 918 1872; x_wconf 86' lang='lat' dir='ltr'>natale</span> <span class='ocrx_word' id='word_1_75' title='bbox 952 1808 1083 1873; x_wconf 89' lang='lat' dir='ltr'>Domini</span> <span class='ocrx_word' id='word_1_76' title='bbox 1115 1810 1235 1897; x_wconf 90' lang='lat' dir='ltr'>percipi</span> 
     </span>
     <span class='ocr_line' id='line_1_12' title="bbox 284 1909 1236 1999; baseline -0.001 -22"><span class='ocrx_word' id='word_1_77' title='bbox 284 1924 469 1999; x_wconf 91' lang='lat' dir='ltr'>potuerunt.</span> <span class='ocrx_word' id='word_1_78' title='bbox 515 1910 627 1976; x_wconf 92' lang='lat' dir='ltr'>Plures</span> <span class='ocrx_word' id='word_1_79' title='bbox 642 1911 852 1997; x_wconf 89' lang='lat' dir='ltr'>possessiones</span> <span class='ocrx_word' id='word_1_80' title='bbox 866 1922 898 1975; x_wconf 90' lang='lat' dir='ltr'>et</span> <span class='ocrx_word' id='word_1_81' title='bbox 913 1909 1059 1976; x_wconf 90' lang='lat' dir='ltr'>ecclesias</span> <span class='ocrx_word' id='word_1_82' title='bbox 1073 1935 1152 1997; x_wconf 85' lang='lat' dir='ltr'>quas</span> <span class='ocrx_word' id='word_1_83' title='bbox 1167 1912 1236 1998; x_wconf 92' lang='lat' dir='ltr'>ipso</span> 
     </span>
     <span class='ocr_line' id='line_1_13' title="bbox 279 2012 1236 2110; baseline -0.001 -31"><span class='ocrx_word' id='word_1_84' title='bbox 279 2015 354 2101; x_wconf 92' lang='lat' dir='ltr'>jure</span> <span class='ocrx_word' id='word_1_85' title='bbox 387 2027 420 2079; x_wconf 89' lang='lat' dir='ltr'>et</span> <span class='ocrx_word' id='word_1_86' title='bbox 455 2016 574 2078; x_wconf 87' lang='lat' dir='ltr'>ratione</span> <span class='ocrx_word' id='word_1_87' title='bbox 606 2012 691 2098; x_wconf 89' lang='lat' dir='ltr'>pacti</span> <span class='ocrx_word' id='word_1_88' title='bbox 725 2012 873 2076; x_wconf 90' lang='lat' dir='ltr'>conventi</span> <span class='ocrx_word' id='word_1_89' title='bbox 908 2013 1032 2077; x_wconf 89' lang='lat' dir='ltr'>restitui</span> <span class='ocrx_word' id='word_1_90' title='bbox 1068 2015 1236 2110; x_wconf 72' lang='lat' dir='ltr'>oportebat</span> 
     </span>
     <span class='ocr_line' id='line_1_14' title="bbox 283 2112 1236 2199; baseline 0.001 -19"><span class='ocrx_word' id='word_1_91' title='bbox 283 2115 421 2180; x_wconf 87' lang='lat' dir='ltr'>ecclesiae</span> <span class='ocrx_word' id='word_1_92' title='bbox 438 2113 669 2195; x_wconf 85' lang='lat' dir='ltr'>Cantuariensi,</span> <span class='ocrx_word' id='word_1_93' title='bbox 685 2113 790 2178; x_wconf 90' lang='lat' dir='ltr'>adhuc</span> <span class='ocrx_word' id='word_1_94' title='bbox 812 2112 950 2199; x_wconf 86' lang='lat' dir='ltr'>publicae</span> <span class='ocrx_word' id='word_1_95' title='bbox 973 2114 1139 2199; x_wconf 88' lang='lat' dir='ltr'>potestatis</span> <span class='ocrx_word' id='word_1_96' title='bbox 1161 2139 1236 2181; x_wconf 79' lang='lat' dir='ltr'>auc·</span> 
     </span>
     <span class='ocr_line' id='line_1_15' title="bbox 284 2213 1236 2300; baseline -0.002 -19"><span class='ocrx_word' id='word_1_97' title='bbox 284 2217 413 2281; x_wconf 88' lang='lat' dir='ltr'>toritate</span> <span class='ocrx_word' id='word_1_98' title='bbox 434 2228 591 2300; x_wconf 90' lang='lat' dir='ltr'>occupant</span> <span class='ocrx_word' id='word_1_99' title='bbox 615 2213 759 2279; x_wconf 82' lang='lat' dir='ltr'>curiales.</span> <span class='ocrx_word' id='word_1_100' title='bbox 816 2215 889 2298; x_wconf 87' lang='lat' dir='ltr'>Ego</span> <span class='ocrx_word' id='word_1_101' title='bbox 911 2213 994 2278; x_wconf 91' lang='lat' dir='ltr'>inter</span> <span class='ocrx_word' id='word_1_102' title='bbox 1019 2227 1149 2280; x_wconf 88' lang='lat' dir='ltr'>caeteros</span> <span class='ocrx_word' id='word_1_103' title='bbox 1169 2232 1236 2279; x_wconf 80' lang='lat' dir='ltr'>¹una</span> 
     </span>
     <span class='ocr_line' id='line_1_16' title="bbox 283 2316 1235 2404; baseline 0.001 -21"><span class='ocrx_word' id='word_1_104' title='bbox 283 2319 412 2383; x_wconf 88' lang='lat' dir='ltr'>ecclesia</span> <span class='ocrx_word' id='word_1_105' title='bbox 426 2319 570 2404; x_wconf 87' lang='lat' dir='ltr'>privatus</span> <span class='ocrx_word' id='word_1_106' title='bbox 585 2339 654 2380; x_wconf 89' lang='lat' dir='ltr'>sum</span> <span class='ocrx_word' id='word_1_107' title='bbox 671 2341 745 2400; x_wconf 87' lang='lat' dir='ltr'>quae</span> <span class='ocrx_word' id='word_1_108' title='bbox 760 2316 794 2380; x_wconf 78' lang='lat' dir='ltr'>xl</span> <span class='ocrx_word' id='word_1_109' title='bbox 813 2318 940 2380; x_wconf 81' lang='lat' dir='ltr'>Marsas</span> <span class='ocrx_word' id='word_1_110' title='bbox 955 2339 1076 2381; x_wconf 88' lang='lat' dir='ltr'>annuas</span> <span class='ocrx_word' id='word_1_111' title='bbox 1093 2317 1235 2384; x_wconf 86' lang='lat' dir='ltr'>solvebat</span> 
     </span>
     <span class='ocr_line' id='line_1_17' title="bbox 283 2416 1236 2507; baseline -0.002 -22"><span class='ocrx_word' id='word_1_112' title='bbox 283 2419 471 2485; x_wconf 84' lang='lat' dir='ltr'>antecessori</span> <span class='ocrx_word' id='word_1_113' title='bbox 495 2441 574 2483; x_wconf 90' lang='lat' dir='ltr'>meo.</span> <span class='ocrx_word' id='word_1_114' title='bbox 622 2416 766 2502; x_wconf 91' lang='lat' dir='ltr'>Contigit</span> <span class='ocrx_word' id='word_1_115' title='bbox 792 2430 898 2482; x_wconf 86' lang='lat' dir='ltr'>autem</span> <span class='ocrx_word' id='word_1_116' title='bbox 924 2439 974 2481; x_wconf 92' lang='lat' dir='ltr'>me</span> <span class='ocrx_word' id='word_1_117' title='bbox 1000 2417 1109 2483; x_wconf 90' lang='lat' dir='ltr'>triduo</span> <span class='ocrx_word' id='word_1_118' title='bbox 1133 2421 1236 2507; x_wconf 88' lang='lat' dir='ltr'>appli-</span> 
     </span>
     <span class='ocr_line' id='line_1_18' title="bbox 282 2517 1235 2606; baseline 0 -22"><span class='ocrx_word' id='word_1_119' title='bbox 282 2544 353 2584; x_wconf 89' lang='lat' dir='ltr'>care</span> <span class='ocrx_word' id='word_1_120' title='bbox 376 2532 449 2583; x_wconf 88' lang='lat' dir='ltr'>ante</span> <span class='ocrx_word' id='word_1_121' title='bbox 474 2531 601 2583; x_wconf 89' lang='lat' dir='ltr'>octavas</span> <span class='ocrx_word' id='word_1_122' title='bbox 624 2517 709 2582; x_wconf 86' lang='lat' dir='ltr'>beati</span> <span class='ocrx_word' id='word_1_123' title='bbox 737 2517 884 2595; x_wconf 87' lang='lat' dir='ltr'>Martini,</span> <span class='ocrx_word' id='word_1_124' title='bbox 906 2530 938 2583; x_wconf 90' lang='lat' dir='ltr'>et</span> <span class='ocrx_word' id='word_1_125' title='bbox 960 2519 993 2582; x_wconf 91' lang='lat' dir='ltr'>in</span> <span class='ocrx_word' id='word_1_126' title='bbox 1016 2522 1094 2606; x_wconf 88' lang='lat' dir='ltr'>ipsis</span> <span class='ocrx_word' id='word_1_127' title='bbox 1115 2521 1235 2584; x_wconf 88' lang='lat' dir='ltr'>octavis</span> 
     </span>
     <span class='ocr_line' id='line_1_19' title="bbox 282 2620 1235 2707; baseline -0.001 -19"><span class='ocrx_word' id='word_1_128' title='bbox 282 2636 349 2688; x_wconf 90' lang='lat' dir='ltr'>erat</span> <span class='ocrx_word' id='word_1_129' title='bbox 373 2624 525 2687; x_wconf 86' lang='lat' dir='ltr'>Cantuar.</span> <span class='ocrx_word' id='word_1_130' title='bbox 551 2620 698 2706; x_wconf 88' lang='lat' dir='ltr'>Synodus</span> <span class='ocrx_word' id='word_1_131' title='bbox 718 2620 917 2700; x_wconf 83' lang='lat' dir='ltr'>celebranda,</span> <span class='ocrx_word' id='word_1_132' title='bbox 936 2622 969 2684; x_wconf 94' lang='lat' dir='ltr'>in</span> <span class='ocrx_word' id='word_1_133' title='bbox 992 2644 1058 2707; x_wconf 89' lang='lat' dir='ltr'>qua</span> <span class='ocrx_word' id='word_1_134' title='bbox 1079 2644 1129 2684; x_wconf 91' lang='lat' dir='ltr'>me</span> <span class='ocrx_word' id='word_1_135' title='bbox 1152 2623 1235 2687; x_wconf 90' lang='lat' dir='ltr'>vices</span> 
     </span>
     <span class='ocr_line' id='line_1_20' title="bbox 282 2723 1234 2810; baseline -0.004 -18"><span class='ocrx_word' id='word_1_136' title='bbox 282 2724 421 2792; x_wconf 87' lang='lat' dir='ltr'>absentis</span> <span class='ocrx_word' id='word_1_137' title='bbox 432 2723 658 2810; x_wconf 87' lang='lat' dir='ltr'>archiepiscopi</span> <span class='ocrx_word' id='word_1_138' title='bbox 671 2746 781 2809; x_wconf 86' lang='lat' dir='ltr'>gerere</span> <span class='ocrx_word' id='word_1_139' title='bbox 792 2723 970 2809; x_wconf 86' lang='lat' dir='ltr'>oportebat.</span> <span class='ocrx_word' id='word_1_140' title='bbox 1001 2725 1110 2800; x_wconf 85' lang='lat' dir='ltr'>Quum</span> <span class='ocrx_word' id='word_1_141' title='bbox 1125 2723 1234 2810; x_wconf 89' lang='lat' dir='ltr'>itaque</span> 
     </span>
     <span class='ocr_line' id='line_1_21' title="bbox 282 2825 1235 2918; baseline -0.001 -24"><span class='ocrx_word' id='word_1_142' title='bbox 282 2843 399 2918; x_wconf 84' lang='lat' dir='ltr'>praeter</span> <span class='ocrx_word' id='word_1_143' title='bbox 421 2850 520 2914; x_wconf 91' lang='lat' dir='ltr'>spem,</span> <span class='ocrx_word' id='word_1_144' title='bbox 543 2840 574 2891; x_wconf 89' lang='lat' dir='ltr'>et</span> <span class='ocrx_word' id='word_1_145' title='bbox 599 2838 708 2890; x_wconf 84' lang='lat' dir='ltr'>contra</span> <span class='ocrx_word' id='word_1_146' title='bbox 730 2827 845 2890; x_wconf 87' lang='lat' dir='ltr'>bonam</span> <span class='ocrx_word' id='word_1_147' title='bbox 873 2825 1054 2912; x_wconf 91' lang='lat' dir='ltr'>opinionem</span> <span class='ocrx_word' id='word_1_148' title='bbox 1077 2837 1109 2891; x_wconf 90' lang='lat' dir='ltr'>et</span> <span class='ocrx_word' id='word_1_149' title='bbox 1134 2826 1235 2893; x_wconf 88' lang='lat' dir='ltr'>bonas</span> 
     </span>
     <span class='ocr_line' id='line_1_22' title="bbox 282 2927 1233 3018; baseline -0.003 -21"><span class='ocrx_word' id='word_1_150' title='bbox 282 2930 504 3018; x_wconf 87' lang='lat' dir='ltr'>promissiones</span> <span class='ocrx_word' id='word_1_151' title='bbox 532 2929 654 2993; x_wconf 92' lang='lat' dir='ltr'>domini</span> <span class='ocrx_word' id='word_1_152' title='bbox 680 2929 764 3014; x_wconf 91' lang='lat' dir='ltr'>regis</span> <span class='ocrx_word' id='word_1_153' title='bbox 790 2928 833 2992; x_wconf 91' lang='lat' dir='ltr'>sic</span> <span class='ocrx_word' id='word_1_154' title='bbox 855 2927 961 2992; x_wconf 90' lang='lat' dir='ltr'>omnia</span> <span class='ocrx_word' id='word_1_155' title='bbox 988 2928 1118 2992; x_wconf 87' lang='lat' dir='ltr'>turbata</span> <span class='ocrx_word' id='word_1_156' title='bbox 1143 2952 1233 3016; x_wconf 89' lang='lat' dir='ltr'>repe-</span> 
     </span>
     <span class='ocr_line' id='line_1_23' title="bbox 281 3029 1234 3118; baseline -0.003 -19"><span class='ocrx_word' id='word_1_157' title='bbox 281 3036 403 3110; x_wconf 89' lang='lat' dir='ltr'>rissem,</span> <span class='ocrx_word' id='word_1_158' title='bbox 418 3045 453 3096; x_wconf 89' lang='lat' dir='ltr'>ut</span> <span class='ocrx_word' id='word_1_159' title='bbox 478 3031 517 3094; x_wconf 93' lang='lat' dir='ltr'>de</span> <span class='ocrx_word' id='word_1_160' title='bbox 540 3053 617 3117; x_wconf 90' lang='lat' dir='ltr'>pace</span> <span class='ocrx_word' id='word_1_161' title='bbox 633 3044 740 3095; x_wconf 87' lang='lat' dir='ltr'>nostra</span> <span class='ocrx_word' id='word_1_162' title='bbox 762 3043 795 3095; x_wconf 89' lang='lat' dir='ltr'>et</span> <span class='ocrx_word' id='word_1_163' title='bbox 817 3031 857 3094; x_wconf 91' lang='lat' dir='ltr'>de</span> <span class='ocrx_word' id='word_1_164' title='bbox 879 3029 984 3095; x_wconf 93' lang='lat' dir='ltr'>reditu</span> <span class='ocrx_word' id='word_1_165' title='bbox 1007 3030 1234 3118; x_wconf 88' lang='lat' dir='ltr'>archiepiscopi</span> 
     </span>
     <span class='ocr_line' id='line_1_24' title="bbox 281 3132 1233 3221; baseline -0.001 -20"><span class='ocrx_word' id='word_1_166' title='bbox 281 3138 504 3221; x_wconf 89' lang='lat' dir='ltr'>desperaretur</span> <span class='ocrx_word' id='word_1_167' title='bbox 524 3133 565 3197; x_wconf 91' lang='lat' dir='ltr'>ab</span> <span class='ocrx_word' id='word_1_168' title='bbox 580 3132 737 3213; x_wconf 92' lang='lat' dir='ltr'>omnibus,</span> <span class='ocrx_word' id='word_1_169' title='bbox 751 3146 784 3197; x_wconf 92' lang='lat' dir='ltr'>et</span> <span class='ocrx_word' id='word_1_170' title='bbox 807 3156 857 3197; x_wconf 90' lang='lat' dir='ltr'>me</span> <span class='ocrx_word' id='word_1_171' title='bbox 879 3145 1031 3219; x_wconf 88' lang='lat' dir='ltr'>tanquam</span> <span class='ocrx_word' id='word_1_172' title='bbox 1055 3132 1087 3197; x_wconf 90' lang='lat' dir='ltr'>in</span> <span class='ocrx_word' id='word_1_173' title='bbox 1109 3157 1233 3200; x_wconf 85' lang='lat' dir='ltr'>carcere</span> 
     </span>
     <span class='ocr_line' id='line_1_25' title="bbox 280 3234 1232 3325; baseline 0.004 -25"><span class='ocrx_word' id='word_1_174' title='bbox 280 3238 420 3325; x_wconf 91' lang='lat' dir='ltr'>positum</span> <span class='ocrx_word' id='word_1_175' title='bbox 443 3234 651 3320; x_wconf 86' lang='lat' dir='ltr'>agnovissem,</span> <span class='ocrx_word' id='word_1_176' title='bbox 667 3234 758 3299; x_wconf 94' lang='lat' dir='ltr'>vultu</span> <span class='ocrx_word' id='word_1_177' title='bbox 780 3234 873 3299; x_wconf 86' lang='lat' dir='ltr'>hilari</span> <span class='ocrx_word' id='word_1_178' title='bbox 895 3249 927 3300; x_wconf 90' lang='lat' dir='ltr'>et</span> <span class='ocrx_word' id='word_1_179' title='bbox 949 3234 1054 3299; x_wconf 89' lang='lat' dir='ltr'>animo</span> <span class='ocrx_word' id='word_1_180' title='bbox 1076 3239 1232 3305; x_wconf 90' lang='lat' dir='ltr'>constanti</span> 
     </span>
     <span class='ocr_line' id='line_1_26' title="bbox 282 3335 1233 3427; baseline 0 -22"><span class='ocrx_word' id='word_1_181' title='bbox 282 3337 489 3406; x_wconf 85' lang='lat' dir='ltr'>Cantuariam</span> <span class='ocrx_word' id='word_1_182' title='bbox 504 3336 594 3422; x_wconf 92' lang='lat' dir='ltr'>petii,</span> <span class='ocrx_word' id='word_1_183' title='bbox 610 3336 667 3400; x_wconf 91' lang='lat' dir='ltr'>ubi</span> <span class='ocrx_word' id='word_1_184' title='bbox 683 3359 702 3399; x_wconf 88' lang='lat' dir='ltr'>a</span> <span class='ocrx_word' id='word_1_185' title='bbox 719 3335 803 3400; x_wconf 92' lang='lat' dir='ltr'>clero</span> <span class='ocrx_word' id='word_1_186' title='bbox 824 3348 855 3400; x_wconf 89' lang='lat' dir='ltr'>et</span> <span class='ocrx_word' id='word_1_187' title='bbox 878 3342 999 3423; x_wconf 91' lang='lat' dir='ltr'>populo</span> <span class='ocrx_word' id='word_1_188' title='bbox 1021 3362 1094 3403; x_wconf 91' lang='lat' dir='ltr'>curu</span> <span class='ocrx_word' id='word_1_189' title='bbox 1116 3363 1233 3427; x_wconf 87' lang='lat' dir='ltr'>magno</span> 
     </span>
     <span class='ocr_line' id='line_1_27' title="bbox 279 3437 1231 3527; baseline 0.001 -22"><span class='ocrx_word' id='word_1_190' title='bbox 279 3442 399 3505; x_wconf 92' lang='lat' dir='ltr'>honore</span> <span class='ocrx_word' id='word_1_191' title='bbox 418 3451 450 3504; x_wconf 91' lang='lat' dir='ltr'>et</span> <span class='ocrx_word' id='word_1_192' title='bbox 473 3438 563 3525; x_wconf 88' lang='lat' dir='ltr'>quasi</span> <span class='ocrx_word' id='word_1_193' title='bbox 579 3437 714 3525; x_wconf 86' lang='lat' dir='ltr'>angelus</span> <span class='ocrx_word' id='word_1_194' title='bbox 734 3438 866 3503; x_wconf 91' lang='lat' dir='ltr'>Domini</span> <span class='ocrx_word' id='word_1_195' title='bbox 888 3451 1035 3527; x_wconf 89' lang='lat' dir='ltr'>receptus</span> <span class='ocrx_word' id='word_1_196' title='bbox 1058 3464 1140 3522; x_wconf 93' lang='lat' dir='ltr'>sum,</span> <span class='ocrx_word' id='word_1_197' title='bbox 1154 3444 1231 3507; x_wconf 87' lang='lat' dir='ltr'>fide-</span> 
     </span>
     <span class='ocr_line' id='line_1_28' title="bbox 278 3539 1231 3629; baseline -0.001 -22"><span class='ocrx_word' id='word_1_198' title='bbox 278 3544 364 3609; x_wconf 86' lang='lat' dir='ltr'>libus</span> <span class='ocrx_word' id='word_1_199' title='bbox 385 3543 453 3629; x_wconf 86' lang='lat' dir='ltr'>jam</span> <span class='ocrx_word' id='word_1_200' title='bbox 479 3564 518 3605; x_wconf 89' lang='lat' dir='ltr'>ex</span> <span class='ocrx_word' id='word_1_201' title='bbox 544 3541 680 3605; x_wconf 83' lang='lat' dir='ltr'>adventu</span> <span class='ocrx_word' id='word_1_202' title='bbox 709 3564 778 3604; x_wconf 89' lang='lat' dir='ltr'>meo</span> <span class='ocrx_word' id='word_1_203' title='bbox 805 3539 936 3605; x_wconf 89' lang='lat' dir='ltr'>meliora</span> <span class='ocrx_word' id='word_1_204' title='bbox 961 3542 1172 3626; x_wconf 87' lang='lat' dir='ltr'>sperantibus,</span> <span class='ocrx_word' id='word_1_205' title='bbox 1194 3566 1231 3606; x_wconf 91' lang='lat' dir='ltr'>eo</span> 
     </span>
     <span class='ocr_line' id='line_1_29' title="bbox 278 3640 1231 3732; baseline -0.002 -23"><span class='ocrx_word' id='word_1_206' title='bbox 278 3645 366 3732; x_wconf 92' lang='lat' dir='ltr'>quod</span> <span class='ocrx_word' id='word_1_207' title='bbox 382 3645 426 3707; x_wconf 90' lang='lat' dir='ltr'>eis</span> <span class='ocrx_word' id='word_1_208' title='bbox 441 3665 627 3730; x_wconf 89' lang='lat' dir='ltr'>persuasum</span> <span class='ocrx_word' id='word_1_209' title='bbox 644 3655 711 3707; x_wconf 85' lang='lat' dir='ltr'>erat</span> <span class='ocrx_word' id='word_1_210' title='bbox 732 3643 820 3729; x_wconf 93' lang='lat' dir='ltr'>quod</span> <span class='ocrx_word' id='word_1_211' title='bbox 842 3665 892 3706; x_wconf 90' lang='lat' dir='ltr'>me</span> <span class='ocrx_word' id='word_1_212' title='bbox 908 3641 997 3706; x_wconf 91' lang='lat' dir='ltr'>nullo</span> <span class='ocrx_word' id='word_1_213' title='bbox 1019 3640 1114 3705; x_wconf 89' lang='lat' dir='ltr'>modo</span> <span class='ocrx_word' id='word_1_214' title='bbox 1128 3644 1231 3708; x_wconf 89' lang='lat' dir='ltr'>archi·</span> 
     </span>
     <span class='ocr_line' id='line_1_30' title="bbox 278 3743 1230 3834; baseline -0.001 -22"><span class='ocrx_word' id='word_1_215' title='bbox 278 3748 445 3834; x_wconf 86' lang='lat' dir='ltr'>episcopus</span> <span class='ocrx_word' id='word_1_216' title='bbox 457 3746 671 3831; x_wconf 88' lang='lat' dir='ltr'>praemisisset,</span> <span class='ocrx_word' id='word_1_217' title='bbox 681 3744 706 3807; x_wconf 89' lang='lat' dir='ltr'>si</span> <span class='ocrx_word' id='word_1_218' title='bbox 718 3767 781 3808; x_wconf 92' lang='lat' dir='ltr'>non</span> <span class='ocrx_word' id='word_1_219' title='bbox 791 3757 872 3809; x_wconf 87' lang='lat' dir='ltr'>esset</span> <span class='ocrx_word' id='word_1_220' title='bbox 881 3745 913 3807; x_wconf 93' lang='lat' dir='ltr'>in</span> <span class='ocrx_word' id='word_1_221' title='bbox 925 3743 1013 3807; x_wconf 91' lang='lat' dir='ltr'>brevi</span> <span class='ocrx_word' id='word_1_222' title='bbox 1024 3757 1230 3829; x_wconf 88' lang='lat' dir='ltr'>sequuturus.</span> 
     </span>
     <span class='ocr_line' id='line_1_31' title="bbox 280 3844 1231 3934; baseline 0.001 -22"><span class='ocrx_word' id='word_1_223' title='bbox 280 3849 361 3912; x_wconf 91' lang='lat' dir='ltr'>Inde</span> <span class='ocrx_word' id='word_1_224' title='bbox 387 3847 509 3934; x_wconf 91' lang='lat' dir='ltr'>synodo</span> <span class='ocrx_word' id='word_1_225' title='bbox 533 3845 691 3910; x_wconf 86' lang='lat' dir='ltr'>celebrata</span> <span class='ocrx_word' id='word_1_226' title='bbox 717 3844 758 3909; x_wconf 88' lang='lat' dir='ltr'>ad</span> <span class='ocrx_word' id='word_1_227' title='bbox 783 3869 902 3911; x_wconf 90' lang='lat' dir='ltr'>novum</span> <span class='ocrx_word' id='word_1_228' title='bbox 928 3868 1033 3931; x_wconf 90' lang='lat' dir='ltr'>regem</span> <span class='ocrx_word' id='word_1_229' title='bbox 1062 3859 1231 3932; x_wconf 90' lang='lat' dir='ltr'>provectus</span> 
     </span>
     <span class='ocr_line' id='line_1_32' title="bbox 279 3948 1231 4035; baseline 0.003 -22"><span class='ocrx_word' id='word_1_230' title='bbox 279 3973 361 4027; x_wconf 89' lang='lat' dir='ltr'>sum,</span> <span class='ocrx_word' id='word_1_231' title='bbox 376 3963 407 4014; x_wconf 91' lang='lat' dir='ltr'>et</span> <span class='ocrx_word' id='word_1_232' title='bbox 426 3950 502 4014; x_wconf 89' lang='lat' dir='ltr'>satis</span> <span class='ocrx_word' id='word_1_233' title='bbox 524 3948 661 4014; x_wconf 90' lang='lat' dir='ltr'>humane</span> <span class='ocrx_word' id='word_1_234' title='bbox 684 3961 842 4035; x_wconf 89' lang='lat' dir='ltr'>receptus,</span> <span class='ocrx_word' id='word_1_235' title='bbox 856 3948 930 4013; x_wconf 91' lang='lat' dir='ltr'>licet</span> <span class='ocrx_word' id='word_1_236' title='bbox 952 3950 1160 4015; x_wconf 90' lang='lat' dir='ltr'>concustodes</span> <span class='ocrx_word' id='word_1_237' title='bbox 1182 3954 1231 4016; x_wconf 92' lang='lat' dir='ltr'>sui</span> 
     </span>
     <span class='ocr_line' id='line_1_33' title="bbox 277 4050 1231 4140; baseline 0.003 -25"><span class='ocrx_word' id='word_1_238' title='bbox 277 4052 398 4135; x_wconf 86' lang='lat' dir='ltr'>aliquid</span> <span class='ocrx_word' id='word_1_239' title='bbox 437 4050 559 4115; x_wconf 91' lang='lat' dir='ltr'>timoris</span> <span class='ocrx_word' id='word_1_240' title='bbox 597 4051 849 4137; x_wconf 86' lang='lat' dir='ltr'>praetcnderunt‚</span> <span class='ocrx_word' id='word_1_241' title='bbox 887 4052 1083 4138; x_wconf 83' lang='lat' dir='ltr'>suspicantes</span> <span class='ocrx_word' id='word_1_242' title='bbox 1120 4077 1231 4140; x_wconf 91' lang='lat' dir='ltr'>pacem</span> 
     </span>
     <span class='ocr_line' id='line_1_34' title="bbox 279 4151 1232 4238; baseline 0.007 -23"><span class='ocrx_word' id='word_1_243' title='bbox 279 4152 445 4216; x_wconf 89' lang='lat' dir='ltr'>nobiscum</span> <span class='ocrx_word' id='word_1_244' title='bbox 470 4174 531 4215; x_wconf 91' lang='lat' dir='ltr'>non</span> <span class='ocrx_word' id='word_1_245' title='bbox 557 4151 742 4238; x_wconf 89' lang='lat' dir='ltr'>simpliciter</span> <span class='ocrx_word' id='word_1_246' title='bbox 767 4154 882 4217; x_wconf 85' lang='lat' dir='ltr'>factam</span> <span class='ocrx_word' id='word_1_247' title='bbox 909 4176 987 4231; x_wconf 88' lang='lat' dir='ltr'>esse,</span> <span class='ocrx_word' id='word_1_248' title='bbox 1012 4156 1066 4219; x_wconf 91' lang='lat' dir='ltr'>sed</span> <span class='ocrx_word' id='word_1_249' title='bbox 1092 4158 1232 4224; x_wconf 89' lang='lat' dir='ltr'>rancoris</span> 
     </span>
     <span class='ocr_line' id='line_1_35' title="bbox 279 4252 1231 4342; baseline 0.007 -25"><span class='ocrx_word' id='word_1_250' title='bbox 279 4253 384 4342; x_wconf 86' lang='lat' dir='ltr'>palam</span> <span class='ocrx_word' id='word_1_251' title='bbox 408 4252 528 4316; x_wconf 90' lang='lat' dir='ltr'>remissi</span> <span class='ocrx_word' id='word_1_252' title='bbox 543 4252 666 4317; x_wconf 87' lang='lat' dir='ltr'>firmius</span> <span class='ocrx_word' id='word_1_253' title='bbox 689 4253 808 4317; x_wconf 86' lang='lat' dir='ltr'>baerere</span> <span class='ocrx_word' id='word_1_254' title='bbox 830 4253 961 4319; x_wconf 87' lang='lat' dir='ltr'>radices.</span> <span class='ocrx_word' id='word_1_255' title='bbox 1006 4258 1102 4330; x_wconf 86' lang='lat' dir='ltr'>Quod</span> <span class='ocrx_word' id='word_1_256' title='bbox 1117 4257 1176 4322; x_wconf 91' lang='lat' dir='ltr'>etsi</span> <span class='ocrx_word' id='word_1_257' title='bbox 1191 4283 1231 4324; x_wconf 88' lang='lat' dir='ltr'>ex</span> 
     </span>
     <span class='ocr_line' id='line_1_36' title="bbox 282 4354 1232 4444; baseline 0.007 -25"><span class='ocrx_word' id='word_1_258' title='bbox 282 4354 375 4420; x_wconf 86' lang='lat' dir='ltr'>variis</span> <span class='ocrx_word' id='word_1_259' title='bbox 395 4354 492 4441; x_wconf 89' lang='lat' dir='ltr'>signis</span> <span class='ocrx_word' id='word_1_260' title='bbox 512 4364 657 4439; x_wconf 86' lang='lat' dir='ltr'>patenter</span> <span class='ocrx_word' id='word_1_261' title='bbox 672 4354 881 4436; x_wconf 89' lang='lat' dir='ltr'>adverterem,</span> <span class='ocrx_word' id='word_1_262' title='bbox 897 4355 940 4419; x_wconf 89' lang='lat' dir='ltr'>sic</span> <span class='ocrx_word' id='word_1_263' title='bbox 956 4356 1070 4444; x_wconf 84' lang='lat' dir='ltr'>legiae</span> <span class='ocrx_word' id='word_1_264' title='bbox 1086 4362 1110 4426; x_wconf 88' lang='lat' dir='ltr'>si</span> <span class='ocrx_word' id='word_1_265' title='bbox 1126 4362 1232 4426; x_wconf 89' lang='lat' dir='ltr'>urnnia</span> 
     </span>
     <span class='ocr_line' id='line_1_37' title="bbox 323 4478 768 4524; baseline -0.004 -2"><span class='ocrx_word' id='word_1_266' title='bbox 323 4480 395 4524; x_wconf 78' lang='lat' dir='ltr'>vor.</span> <span class='ocrx_word' id='word_1_267' title='bbox 413 4478 450 4522; x_wconf 89' lang='lat'>11.</span> <span class='ocrx_word' id='word_1_268' title='bbox 745 4478 768 4520; x_wconf 82' lang='lat' dir='ltr'>a</span> 
     </span>
    </p>
   </div>
   <div class='ocr_carea' id='block_1_3' title="bbox 0 0 1522 5200">
    <p class='ocr_par' dir='ltr' id='par_1_3' title="bbox 0 0 1522 5200">
     <span class='ocr_line' id='line_1_38' title="bbox 0 0 1522 5200; baseline 0 3"><span class='ocrx_word' id='word_1_269' title='bbox 0 0 1522 5200; x_wconf 95' lang='lat' dir='ltr'> </span> 
     </span>
    </p>
   </div>
  </div>
 </body>
</html>
