3034 5200
271 713 377 790 1168]
652 725 827 770 ammona.
1157 718 1218 775 159

264 880 416 944 viaticum
440 876 561 941 itineris
586 888 618 940 et
641 877 772 940 naulum
801 877 897 941 seculi
919 877 1067 955 contulit,
1088 879 1214 943 confido

262 1005 343 1066 quos
359 982 391 1044 in
407 979 502 1044 exilio
521 991 553 1042 et
573 979 803 1065 proscriptione
823 979 937 1063 reperi,
958 980 1123 1064 provenire
1145 1004 1214 1046 suc-

263 1108 377 1150 cessus.
424 1084 506 1147 Nam
529 1095 560 1147 et
583 1082 651 1168 ipse
666 1082 732 1145 fere
755 1081 901 1159 moriens,
918 1094 954 1146 ut
977 1083 1005 1146 ei
1027 1105 1111 1147 nunc
1125 1084 1213 1170 quod

262 1186 420 1272 inspector
441 1199 473 1249 et
491 1185 594 1272 judex
616 1184 760 1248 cordium
781 1184 880 1264 novit,
896 1184 1044 1249 fictitium
1060 1186 1139 1250 nihil
1154 1188 1214 1250 im·

263 1311 390 1374 ponam,
406 1311 456 1351 me
471 1286 625 1350 consolari
642 1287 729 1350 nisus
745 1299 792 1351 est
808 1286 980 1352 exhortans
995 1289 1159 1373 quatinus,
1175 1302 1212 1354 ut

230 1433 233 1437 -
262 1390 395 1475 coepisse
410 1389 552 1467 videbar,
566 1389 598 1450 in
614 1387 705 1452 cultu
728 1388 902 1452 honestatis
917 1401 949 1453 et
962 1390 1093 1454 virtutis
1108 1413 1213 1476 perse-

262 1513 417 1568 verarem,
432 1503 464 1554 et
479 1488 575 1575 capiti
596 1511 664 1552 meo
685 1511 814 1553 manum
836 1492 1013 1575 imponens,
1028 1491 1104 1555 data
1119 1492 1213 1556 bene·

264 1593 402 1656 dictione
431 1615 482 1657 me
512 1579 662 1677 praecepit
692 1591 809 1655 habere
835 1591 998 1670 fiduciam,
1024 1594 1214 1678 promittens

264 1694 351 1779 quod
378 1694 405 1756 si
426 1713 677 1778 perseveravero,
700 1680 832 1780 eatenus
854 1692 932 1755 mihi
954 1692 1095 1778 proderit
1119 1695 1217 1758 bene,

265 1795 374 1870 dictio,
387 1809 423 1857 ut
438 1815 611 1879 numquam
624 1793 920 1878 opportunitatibus
929 1795 1008 1858 meis
1019 1795 1099 1859 desit
1112 1797 1216 1879 gratia

263 1895 334 1959 Dei.
379 1897 452 1980 Ego
467 1907 574 1959 autem
588 1893 677 1979 quasi
692 1893 733 1956 de
747 1892 863 1956 collata
873 1893 1059 1958 haereditate
1074 1918 1215 1977 securus,

263 2009 294 2061 et
317 1998 357 2061 de
379 2001 461 2062 tanti
483 1999 582 2082 patris
605 1994 766 2059 confidens
789 1995 919 2073 meritis,
939 1995 1045 2059 adhuc
1066 2019 1159 2082 spero
1181 2012 1212 2062 et

139 2145 149 2167 .
260 2099 382 2185 jugiter
398 2100 543 2186 sperabo,
559 2120 609 2161 me
631 2109 727 2184 prout
743 2097 845 2160 merui
859 2098 962 2183 ipsum
978 2097 1094 2162 habere
1108 2112 1215 2185 patro-

264 2223 340 2264 num
363 2201 451 2286 apud
474 2205 591 2277 Deum,
607 2211 639 2263 et
654 2221 712 2284 per
729 2199 788 2262 hoc
806 2199 943 2283 gratiam
963 2200 1032 2284 ejus
1052 2200 1129 2262 mihi
1150 2223 1212 2266 non

263 2303 455 2368 defuturam.
504 2301 597 2368 Unde
619 2323 670 2363 me
685 2300 780 2363 vobis
790 2313 822 2364 et
838 2301 950 2364 vestris
974 2301 1017 2364 sic
1038 2302 1212 2366 obnoxium

262 2406 365 2470 fateor
381 2418 417 2470 ut
432 2405 523 2468 vobis
532 2407 565 2467 in
577 2403 724 2468 omnibus
739 2403 885 2467 assistere
899 2404 1043 2480 debeam,
1056 2417 1214 2491 quatenus

263 2520 399 2572 vestram
415 2520 448 2570 et
464 2529 564 2570 meam
580 2506 720 2570 decuerit
735 2505 941 2570 honestatem.
988 2509 1114 2572 Teneor
1128 2509 1212 2572 enim

263 2611 376 2674 honori
399 2620 503 2673 vestro
524 2621 557 2673 et
579 2608 751 2672 commodis
774 2608 949 2694 providere,
972 2623 1004 2674 et
1026 2616 1213 2696 propulsare

260 2711 469 2776 incommoda.
515 2711 559 2775 Et
584 2709 659 2796 quia
683 2710 750 2773 haec
778 2709 856 2773 mihi
882 2709 922 2773 ad
953 2734 1092 2795 praesens
1117 2734 1213 2775 causa

261 2814 324 2879 fuit
349 2811 518 2887 scribendi,
545 2814 572 2875 si
597 2809 796 2874 credideritis
821 2808 983 2895 expedire,
1007 2809 1085 2873 milri
1115 2822 1212 2896 prout

258 2917 383 3002 justum
399 2927 458 2991 est,
472 2913 570 2977 fidem
586 2912 738 2976 habeatis,
784 2913 868 2975 Nam
882 2911 916 2973 in
931 2911 994 2975 fide
1008 2935 1105 2997 quam
1121 2913 1212 2977 fratri

262 3029 366 3080 vestro
394 3005 507 3094 debeo,
535 3038 575 3077 ex
604 3014 701 3077 animi
731 3013 923 3077 conscientia
948 3014 1095 3090 fideliter,
1122 3015 1213 3079 vobis

262 3118 384 3182 utiliter
399 3116 528 3200 loquor,
554 3115 712 3179 Dominus
726 3128 758 3179 et
773 3127 865 3199 pater
876 3127 980 3179 vester
994 3138 1052 3201 pro
1067 3117 1213 3182 libertate

261 3216 410 3291 eoclesiae,
423 3228 455 3279 et
470 3237 565 3278 causa
577 3215 637 3279 Dei
653 3214 727 3278 exul
743 3227 791 3278 est
801 3227 833 3279 et
843 3216 1050 3301 proscriptus,
1062 3231 1094 3282 et
1102 3219 1213 3283 inultis

261 3316 448 3381 coexulibus
474 3328 635 3379 oneratur.
682 3314 713 3377 Si
739 3315 768 3378 ei
795 3314 1017 3395 subveneritis,
1041 3330 1074 3381 et
1095 3320 1213 3384 eonsci-

260 3422 378 3483 entiam
390 3417 575 3493 liberabitis,
588 3429 619 3480 et
629 3439 729 3503 quum
746 3417 882 3481 liberum
899 3416 1009 3494 fuerit,
1021 3441 1093 3503 quae
1107 3422 1212 3505 cujus-

262 3544 324 3606 que
344 3522 412 3598 sint
425 3543 525 3607 opera
547 3519 718 3597 declarare,
734 3518 911 3606 expedietis
930 3519 1060 3596 famam,
1075 3523 1213 3585 etvobis

260 3638 291 3689 et
307 3624 419 3688 vestris
435 3622 634 3710 prospicietis
649 3621 681 3684 in
696 3635 872 3707 posterum.
919 3620 980 3683 Sed
996 3619 1079 3683 forte
1094 3620 1213 3685 timetis

261 3750 378 3812 regem,
391 3739 446 3789 aut
470 3724 669 3811 praetenditis
690 3735 922 3808 paupertatem,
939 3733 973 3784 et
991 3741 1086 3783 onera
1107 3724 1212 3808 gentis

260 3843 383 3894 vestrae·
430 3829 526 3891 Certe
553 3829 714 3890 Deusest
739 3824 859 3887 homini
883 3822 1119 3909 praetimendus.
1165 3828 1211 3890 Et

259 3944 406 4016 sumptus
428 3928 552 3991 multos·
566 3926 671 3990 facitis
693 3937 809 4011 praeter
830 3923 1051 3989 conscientiam
1074 3929 1158 4009 regis
1179 3940 1212 3989 et

259 4056 399 4108 suorum,
429 4032 527 4095 immo
556 4042 588 4093 et
618 4028 822 4093 familiarium
853 4040 1041 4092 vestrorum.
1098 4025 1213 4089 Nescio

259 4134 341 4196 enim
368 4134 445 4219 quid
475 4134 515 4196 de
545 4134 693 4218 episcopo
722 4133 866 4205 sentiam,
891 4128 981 4213 cnjus
1011 4126 1142 4189 dextera
1171 4128 1212 4191 ad

259 4254 416 4317 pauperes
432 4255 493 4295 non
514 4231 697 4295 extenditur
718 4230 883 4313 ignorante
905 4225 1041 4301 sinistra,
1064 4240 1096 4287 et
1119 4226 1212 4311 cujus

259 4335 364 4396 omnia
379 4356 475 4419 opera
489 4334 578 4419 vulgi
595 4332 755 4417 praeconio
770 4327 987 4391 celebrantur:
1005 4325 1029 4389 si
1046 4347 1102 4391 vos
1119 4343 1212 4413 urget
