3034 5200
276 736 317 794 36
531 751 667 797 rosums
684 747 965 796 sunusunnmnsrs
1134 729 1181 808 [s.
1198 746 1230 791 n.

277 901 453 965 institeritis
472 901 631 967 mandatis
652 901 719 986 ejus
742 898 894 984 subjiciet
916 901 1006 965 robis
1028 910 1083 964 aut
1104 897 1234 962 omnino

278 999 416 1082 dejiciet.

321 1101 483 1182 Dignetur
496 1123 572 1184 ergo
588 1105 742 1168 sanctitas
758 1115 871 1181 vestre,
886 1102 972 1186 apud
988 1122 1084 1186 quum
1099 1120 1166 1163 non
1181 1108 1231 1162 est

278 1202 422 1284 acceptio
444 1223 662 1285 personarum,
687 1205 853 1270 dominnm
876 1205 978 1282 illum,
999 1203 1056 1288 qui
1078 1201 1228 1282 Anglica·

277 1323 351 1365 nam
370 1306 543 1368 conculcat
565 1307 745 1384 ecclesiam,
762 1305 893 1369 domino
915 1324 1009 1388 pepae
1031 1311 1064 1365 et
1085 1300 1232 1364 iratribus

277 1403 389 1467 vestris
407 1408 503 1470 rerba
512 1408 655 1472 veritatis
668 1420 701 1472 et
715 1407 843 1472 virtutis
854 1405 1028 1488 ingerendo
1043 1403 1232 1486 reprimeret

279 1505 396 1588 quiesi
413 1507 550 1571 ecclesie
572 1507 719 1572 Romanu
742 1507 888 1584 voluerit,
902 1517 934 1570 et
954 1505 995 1569 de
1010 1503 1151 1568 Domino
1165 1520 1230 1563 non

279 1605 413 1682 diffidat,
429 1629 502 1671 enm
517 1608 610 1672 facile
630 1605 842 1692 perdomabit,
858 1606 915 1670 sed
931 1605 1061 1689 quidem
1075 1624 1141 1667 non
1155 1603 1233 1665 isto·

279 1727 347 1768 rum
371 1707 545 1769 ministerio
573 1707 761 1787 legatorum,
777 1708 846 1771 'nisi
869 1706 932 1770 alia
952 1707 1005 1771 via
1028 1702 1234 1770 incesserint:

278 1825 378 1886 quum
393 1825 451 1866 rex
472 1804 526 1867 ille
548 1805 589 1867 de
611 1807 711 1868 altero
732 1827 840 1869 eorum
863 1815 1035 1887 praesumat
1050 1805 1234 1889 plurimum,

278 1923 373 1987 quem
395 1903 514 1985 petivit
533 1926 576 1967 ex
605 1905 745 1969 nomine.
791 1905 862 1968 Nee
889 1913 992 1966 tutum
1019 1924 1091 1966 esse
1112 1903 1236 1966 ducunt

278 2002 371 2065 multi
385 2003 546 2085 sapientes
568 2013 600 2066 et
619 2003 761 2085 religiosi
784 2003 816 2065 in
838 2001 893 2065 teli
912 2002 985 2065 loco
1005 2011 1038 2065 et
1059 2009 1149 2064 tanto
1169 2000 1233 2062 dis·

278 2103 408 2165 crimine
425 2103 538 2165 subeo
552 2102 664 2186 judice
686 2124 814 2166 causam
836 2101 982 2166 ecciesiae
1003 2099 1160 2179 ventilari,
1175 2100 1231 2183 qui

278 2203 388 2286 Papiae
410 2205 495 2267 iuter
517 2214 681 2285 cognatos,
704 2204 836 2282 amiens,
858 2214 891 2266 et
912 2213 1006 2266 notos
1026 2222 1180 2287 praesens,
1200 2213 1233 2265 et

281 2304 377 2367 silens
393 2304 432 2367 ad
450 2305 673 2369 minus-nem
690 2305 744 2367 ulii
759 2305 848 2368 uliud
864 2302 1232 2387 suspicantur—audivit

278 2417 311 2467 et
331 2405 410 2469 vidit
430 2405 577 2469 ecclesie
599 2406 766 2483 Romanae,
781 2406 872 2491 cujus
892 2414 941 2468 est
959 2406 1148 2484 membrum,
1162 2416 1231 2467 tan·

278 2519 344 2569 tum
365 2506 434 2570 fieri
451 2505 684 2591 praejndieium,
700 2517 733 2570 et
752 2528 882 2571 cerream
901 2505 978 2571 fidei
1001 2506 1131 2591 publice
1153 2526 1230 2568 eon·

280 2607 432 2672 demnari.
466 2609 542 2671 Non
559 2608 644 2671 enim
660 2608 801 2673 creditur
814 2630 901 2673 nunc
917 2620 972 2673 eut
986 2608 1050 2671 fide
1066 2607 1230 2678 sincerior,

279 2718 333 2771 aut
348 2710 478 2774 caritate
496 2710 675 2789 ferventior,
691 2721 746 2773 aut
762 2711 874 2774 virtute
896 2708 1101 2785 constantior,
1116 2727 1230 2770 novam

278 2830 319 2873 ex
342 2812 409 2873 alto
431 2810 646 2875 fortitudinem
669 2810 826 2882 induisse,
848 2820 884 2872 nt
908 2830 974 2872 non
997 2808 1100 2893 possit
1120 2827 1230 2869 mune-

277 2911 365 2974 ribus
379 2922 434 2975 aut
445 2923 532 2976 metu
542 2913 644 2992 flecti,
655 2922 709 2976 aut
720 2912 822 2993 gratia
832 2909 1037 2993 hominisqui
1046 2930 1085 2973 eo
1095 2919 1231 2992 patrono

279 3032 405 3094 semper
426 3033 504 3076 usus
529 3023 579 3077 est
604 3014 638 3075 in
665 3034 766 3078 censa
791 3012 862 3075 ista.
905 3012 978 3075 Jnm
1006 3008 1232 3074 vero·vicisset

279 3110 415 3175 ecclesie
435 3113 497 3175 nisi
520 3114 640 3176 auxilio
662 3124 696 3176 et
717 3111 852 3176 consilio
873 3112 943 3196 ejus
958 3110 1083 3194 jurator
1101 3109 1156 3172 ille
1176 3107 1231 3171 de·

281 3231 380 3275 eunus
400 3213 637 3296 praevnlnisset:
661 3223 693 3276 et
715 3214 836 3276 utinam
858 3231 1024 3296 nunquam
1042 3211 1155 3274 fnisset
1174 3229 1231 3271 an·

278 3315 373 3377 nulus
395 3315 459 3393 ille,
484 3337 579 3397 quem
601 3316 633 3377 in
657 3316 783 3396 signum
807 3313 1005 3378 confusionis
1026 3312 1172 3376 ecolesiae
1197 3322 1229 3374 et

279 3411 327 3477 sui
342 3414 495 3497 triumphi
511 3414 692 3477 videntibus
707 3414 834 3479 cunctis
843 3434 969 3496 semper
979 3409 1124 3477 ostentet.
1158 3412 1230 3474 Uti-

278 3536 353 3578 nam
372 3515 521 3579 dominus
538 3535 625 3598 pape
643 3526 814 3598 peccatum
837 3515 977 3578 alienum
999 3534 1164 3597 nunquam
1183 3513 1228 3575 fe·

279 3616 375 3678 cisset
391 3636 482 3678 suum
493 3638 502 3692 ;
525 3625 557 3678 et
575 3615 742 3689 intrusum,
758 3634 852 3698 quem
873 3614 914 3676 ad
937 3613 1068 3695 gloriam
1091 3612 1153 3675 Dei
1175 3610 1229 3674 de·

274 3715 395 3797 jecerat
404 3716 502 3797 juste,
518 3716 587 3799 ipse
609 3737 672 3799 qua
692 3715 817 3779 eunctis
838 3714 1023 3798 praeemiuet
1043 3713 1228 3777 auctoritate

279 3836 344 3876 non
359 3815 555 3879 intrusisset:
577 3837 638 3881 nec
660 3817 752 3879 illum
768 3817 895 3879 fecisset
918 3813 1084 3878 custodem
1107 3814 1228 3876 unima-

280 3937 359 3993 rum,
383 3915 440 3998 qui
463 3928 495 3978 et
517 3917 676 3979 Ecclesiae
699 3926 909 4001 persequutor
930 3914 1049 3991 extitit,
1071 3923 1104 3977 et
1124 3912 1230 3975 adhuc

280 4039 345 4080 non
359 4016 422 4079 nisi
439 4036 565 4079 carnem
582 4016 674 4099 sapit.
