3034 5200
277 719 340 778 294
520 733 658 777 rasurus
682 731 956 776 saansaarunusrs
1139 711 1183 789 [s.
1198 731 1229 774 n.

278 881 435 958 Senoreti,
452 880 706 947 Bartholomaeus
727 882 768 946 de
792 880 919 957 Lochis,
938 880 1051 944 Petrus
1073 879 1114 942 de
1133 880 1232 943 Savo·

278 983 385 1065 neniis,
416 982 602 1048 Harduinus
638 983 837 1070 Pelliparius,
870 983 986 1046 Petrus
1017 981 1229 1058 Chivittonus,

280 1085 478 1169 Reginaldus
494 1086 637 1165 Goslani,
648 1085 839 1170 Juguelmus
855 1084 1098 1162 Cordoanarius‚
1111 1085 1232 1148 Hame-

279 1187 362 1252 ricus
393 1186 570 1272 Epuliardi‚
607 1188 723 1252 Sancio
759 1187 945 1266 Emenardi,
981 1186 1156 1252 Gaufridus
1191 1185 1232 1249 de

282 1289 495 1367 Cormeriaco,
542 1290 798 1355 Bartholomaeus
841 1289 1025 1366 Fromaudi,
1071 1288 1234 1353 locelinus

283 1391 484 1479 Pelliparius‚
516 1393 697 1457 Herbertus
727 1392 768 1456 de
799 1393 949 1469 Camoto,
977 1390 1233 1455 Bartholomaeus

283 1495 418 1576 attatei,
434 1494 576 1559 Thomas
591 1495 631 1560 da
649 1494 812 1560 Ambasia.
848 1493 928 1557 Inde
944 1493 1092 1579 estquod
1108 1493 1236 1557 uuiver-

284 1595 369 1663 sitati
385 1606 498 1662 vestrae
514 1597 700 1660 auctoritate
721 1595 893 1682 apostolica
907 1595 1098 1661 mandamus
1112 1605 1148 1657 ut
1162 1593 1235 1659 illos

283 1720 363 1785 quos
377 1699 566 1763 nominatim
581 1698 925 1763 excommunicavimus
945 1696 1236 1761 excommunicatos

284 1822 324 1865 ex
352 1800 482 1865 nomine
513 1801 679 1879 nunciatis,
706 1813 739 1865 et
768 1800 949 1886 generalem
980 1799 1237 1864 excommunica-

283 1903 403 1967 tionem
431 1925 528 1989 quam
553 1903 741 1989 protulimus
771 1903 804 1967 in
831 1903 970 1989 reliquos
995 1902 1050 1988 qui
1076 1903 1240 1989 praedictae

285 2003 510 2091 conjurationis
535 2016 608 2070 sunt
638 2006 820 2092 complices,
846 2005 878 2068 in
909 2027 1019 2069 omues
1047 2004 1240 2090 generaliter

284 2106 501 2192 promulgetis,
513 2118 546 2169 et
560 2107 592 2169 in
608 2106 742 2171 ecelesia
757 2118 860 2170 vestra
875 2106 1121 2171 asaoerdotibus
1135 2106 1239 2170 mino·

284 2230 354 2271 rum
367 2205 514 2271 altarium
529 2205 672 2270 ecclesiae
684 2206 853 2292 praedictos
867 2211 1156 2274 excommunicatos
1171 2218 1238 2273 tam

285 2332 326 2374 ex
354 2308 483 2372 nomina
510 2331 607 2394 quam
633 2309 667 2374 in
693 2332 811 2395 genere
841 2309 962 2375 faciatis
991 2313 1174 2399 frequenter
1202 2325 1238 2377 et

285 2411 457 2477 solenniter
482 2411 635 2491 nunciati,
660 2412 711 2480 vel
736 2436 791 2478 eos
813 2436 833 2478 a
851 2413 965 2479 divinis
984 2415 1092 2481 officiis
1114 2437 1236 2481 cessare

285 2513 490 2602 compellatis.

288 2951 510 3017 EPISTOLA
534 2951 1238 3034 cccxxvi-nemausensem,eseno-

332 3072 448 3116 rnusrs
465 3070 623 3131 ne1scoe1,
639 3072 1089 3132 naansoturrouaroauu1s‚
1106 3076 1242 3123 comnis

333 3171 576 3226 vmaocrnusm,
591 3172 611 3215 s
626 3173 771 3217 wuouno
793 3172 1158 3236 axcouunnrcsrtoevm,
1173 3177 1240 3227 ono

333 3271 406 3315 auu
421 3271 566 3316 Joauuas
581 3273 814 3320 rnnreavausn.
860 3259 947 3333 [mn.
967 3260 1074 3334 usu]

290 3442 447 3516 Jounnea,
463 3440 575 3502 diuina
595 3442 781 3521 dignatione
796 3451 827 3507 et
840 3447 962 3509 meritae
976 3450 1081 3511 annoti
1100 3449 1239 3528 Pteme,

335 3543 544 3608 Carnoteneia
562 3543 702 3606 ecclesie
720 3545 867 3609 minister
880 3548 1022 3627 imnilia,
1036 3551 1181 3612 amenus
1196 3554 1241 3614 ad

334 3667 412 3727 qnos
426 3647 523 3709 litere
538 3646 607 3708 ietce
619 3649 827 3728 pervenerint
840 3654 878 3713 in
892 3648 1031 3713 Domino
1044 3651 1189 3715 salutern.

336 3807 524 3868 Novunms
547 3802 644 3888 quod,
669 3825 770 3889 quum
793 3804 988 3869 venissemus
1013 3804 1053 3869 ad
1075 3805 1242 3871 ecclesiam

294 3905 535 3982 Camotensem,
550 3903 690 3968 nobilem
706 3905 808 3970 virum
824 3905 982 3972 Joanuam
997 3907 1146 3972 comitem
1163 3908 1244 3973 Vin-

293 4006 508 4087 docinensem,
522 4005 564 4069 ob
578 4006 719 4091 injurias,
734 4007 863 4087 damna,
878 4017 912 4070 et
926 4009 1146 4075 concussiones
1165 4032 1244 4097 quaa

294 4107 436 4173 ecclesiae
460 4105 664 4172 sanctissimae
687 4107 835 4173 trinitatis
858 4107 1103 4176 vindocinensis
1127 4113 1243 4199 saepius

293 4208 494 4292 irrogaverat,
522 4206 648 4272 vinculo
677 4207 1012 4275 excommunicationis
1041 4213 1243 4280 astrinximus

294 4322 327 4374 et
350 4310 518 4397 plusquam
542 4308 677 4375 triennio
699 4310 861 4377 tenuimus
880 4312 1076 4381 adstrictum.
1123 4317 1245 4382 Verum
