3034 5200
239 709 301 765 246
499 719 633 763 Joanms
649 717 926 763 saursauuraa'srs
1099 703 1147 777 [a.
1166 721 1201 764 n.

241 870 296 956 qni
312 869 527 954 periclitamur
541 891 581 931 ex
597 867 717 932 nostris.
758 867 943 932 Carissimos
958 877 1066 931 autem
1082 867 1202 934 fratres

240 986 363 1036 nostros
385 983 418 1036 et
438 971 592 1046 dominos,
616 969 671 1056 qui
694 969 877 1032 beatissimo
903 968 1052 1053 Remigio
1072 970 1201 1055 jugiter

240 1074 445 1151 famulantur,
465 1075 518 1138 vix
533 1073 599 1136 sine
622 1071 745 1156 gemitu
768 1082 801 1135 et
824 1071 974 1157 suspiriis,
989 1084 1045 1136 aut
1065 1071 1200 1138 madore

239 1174 475 1263 lachrymarum
497 1195 624 1259 possum
648 1173 687 1236 ad
711 1173 854 1237 animum
877 1195 1036 1250 revocare,
1053 1174 1200 1239 recolens

241 1299 292 1340 me
308 1278 469 1363 quondam
491 1277 589 1340 instar
607 1276 743 1361 paradisi
764 1276 900 1339 feliciter
921 1275 1101 1356 incoluisse,
1117 1278 1197 1341 dum

239 1379 366 1444 illorum
396 1379 567 1465 praesentia
602 1379 740 1454 fruebar,
772 1391 806 1442 et
836 1378 973 1442 caritatis
1008 1379 1199 1464 experiebar

239 1484 424 1567 imaginem,
439 1505 512 1569 quae
528 1482 560 1545 in
578 1492 698 1546 oeterna
713 1482 778 1546 vita
793 1492 946 1566 speratur.
979 1481 1065 1559 lllos,
1075 1503 1197 1568 quaeso,

239 1585 423 1670 diligentius
445 1585 621 1663 sollicitate,
646 1599 681 1648 ut
703 1585 905 1650 alumnorum
932 1607 1060 1649 suorum
1083 1585 1199 1648 memi-

240 1688 346 1752 nerint
360 1690 392 1752 in
408 1688 603 1752 orationibus
618 1687 693 1752 suis.
735 1687 842 1762 Quam
865 1688 927 1751 cito
940 1692 1030 1753 Deus
1045 1709 1198 1773 prospera

239 1790 381 1867 donabit,
393 1790 481 1854 vobis
490 1789 684 1854 currentium
696 1789 859 1853 literarum
871 1789 1056 1864 ministerio,
1069 1788 1199 1854 Christo

239 1891 440 1976 propitiante,
457 1891 691 1955 communicare
707 1913 771 1954 non
787 1891 941 1956 differam.
984 1890 1096 1955 Valeat
1111 1913 1197 1956 sem·

240 2015 299 2078 per
312 2005 345 2058 et
364 1995 470 2079 vigeat
484 1994 634 2058 sanctitas
656 2006 769 2074 vestra,
785 2005 818 2057 et
832 1993 929 2058 totius
950 1993 1094 2057 ecelesiae
1108 2016 1199 2079 pros·

241 2097 358 2181 peritas
385 2098 416 2159 in
445 2096 535 2160 bonis
562 2097 710 2160 omnibus
736 2098 937 2181 provehatur,
959 2109 1002 2178 et,
1026 2097 1051 2161 si
1078 2097 1198 2182 placet,

239 2220 411 2283 pauperem
424 2199 620 2264 sacerdotem
636 2202 666 2264 S.
683 2201 809 2265 Cosmae
822 2202 1080 2266 commendatum
1096 2200 1198 2266 habe-

243 2300 312 2364 atis.

258 2578 398 2644 EPIST.
423 2579 626 2644 CCCL-an
643 2598 934 2644 naurnononrnunr
951 2601 1170 2646 oxomensem

473 2701 672 2746 nerscoaunr.
722 2683 766 2763 [a.
785 2704 815 2746 n.
835 2684 945 2763 litu]

355 2863 446 2929 Idem
463 2866 697 2929 Bartholomoeo
713 2867 897 2930 Emonierrar'
913 2870 1081 2953 Episcopo.

282 3004 451 3065 Eccuusm
473 3000 503 3063 in
527 3013 616 3064 arcto
638 3013 696 3080 est,
714 3014 745 3063 et
769 3023 807 3063 ex
832 3002 1024 3068 dissensione
1047 3006 1134 3091 regui
1160 3023 1194 3074 et

239 3102 406 3167 sacerdotii
433 3125 500 3165 earu
533 3102 677 3188 undique
708 3116 858 3188 premunt
887 3106 1054 3189 angustiae.
1108 3109 1192 3173 Nam

240 3227 335 3288 quam
352 3227 407 3266 rex
423 3206 562 3289 perimit,
574 3204 628 3269 illa
639 3206 786 3271 vendicat
801 3206 992 3290 libertatem,
1007 3222 1039 3274 et
1055 3210 1080 3276 si
1098 3211 1192 3278 vellet

238 3326 257 3366 a
272 3315 374 3366 status
389 3305 437 3366 sui
454 3305 634 3370 defensione
650 3331 770 3374 cessare
785 3319 818 3372 et
832 3310 1029 3396 acquiescere
1044 3314 1195 3397 jussioni-

238 3403 298 3496 bus
314 3417 531 3489 tyrannorum,
546 3406 630 3470 illico
644 3408 894 3494 indignationem
914 3414 1094 3497 apostolicae
1109 3416 1194 3481 sedis

238 3506 406 3592 exciperet.
455 3507 516 3570 Sed
541 3508 617 3593 quia
641 3509 734 3595 longe
762 3514 957 3579 tolerabilius
982 3526 1029 3577 est
1052 3515 1193 3581 incidere

237 3609 269 3673 in
294 3632 406 3674 manus
432 3609 604 3693 bominum,
630 3636 727 3699 quam
752 3614 970 3700 derelinquere
992 3611 1092 3699 legem
1117 3617 1191 3693 Dei,

237 3712 499 3779 officiosissimum
518 3727 550 3779 et
570 3716 857 3781 consiliosissimum
880 3725 992 3802 reputo
1014 3739 1075 3779 non
1094 3719 1191 3784 modo

237 3817 404 3883 facultates
416 3833 447 3883 et
459 3819 581 3885 fallacis
591 3821 674 3885 dona
683 3822 821 3886 fortunae
833 3843 892 3906 pro
902 3821 1021 3884 tuenda
1033 3820 1190 3907 libertate,

239 3940 297 4005 pro
320 3920 444 4006 legibus
467 3924 616 4008 paternis,
638 3923 785 4008 exemplo
807 3935 986 3986 sanctorum
1010 3945 1189 4009 exponere:

238 4021 291 4086 sed
318 4033 350 4084 et
380 4022 487 4109 ipsum
514 4046 639 4109 corpus,
666 4022 754 4110 quod
784 4021 1029 4108 quibuscunque
1054 4022 1190 4110 flagellis

236 4135 403 4203 atteratur,
419 4126 664 4212 quibuscunque
685 4138 892 4210 tyrannorum
915 4126 1104 4192 carnificinis
1125 4139 1189 4193 tor-

236 4239 372 4310 queatur
387 4228 426 4292 ad
445 4250 591 4314 praesens,
609 4227 706 4291 velint
722 4225 823 4290 nolint
845 4244 1101 4315 persequutores,
1116 4230 1188 4316 pul-

236 4325 340 4392 chrius
366 4341 396 4392 ct
423 4328 546 4407 furtiua,
568 4343 663 4413 prout
687 4328 798 4393 merita
822 4329 1047 4416 prmcessc'rint,
1070 4331 1188 4418 glorifi-
