3034 5200
280 718 342 776 254
557 727 691 772 rasurus
708 725 985 796 saansaaaraa'srs
1134 710 1179 784 [a.
1198 728 1229 770 o.

281 903 373 968 quern
391 877 566 945 nativitatis
585 876 751 943 dominicae
768 878 947 942 solemnitas
969 877 1184 958 consecrabat,
1198 889 1231 942 et

280 984 366 1047 omni
388 983 462 1068 jure
483 981 591 1046 decuit
615 994 650 1045 ut
677 981 790 1044 natalis
813 981 892 1066 ejus,
915 979 970 1065 qui
995 982 1177 1043 innocenter
1199 993 1231 1044 et

281 1083 474 1148 sanctissime
483 1081 617 1158 vixerat,
627 1081 665 1144 ad
678 1080 810 1165 gloriam
821 1080 895 1155 Dei,
905 1079 1041 1143 natalem
1052 1093 1232 1143 sanctorum

281 1187 494 1250 innocentium
527 1196 721 1268 sequeretur.
775 1184 819 1246 Et
849 1181 992 1268 quidem,
1018 1193 1054 1246 ut
1080 1181 1235 1261 creditur,

281 1309 387 1351 necem
408 1287 509 1372 ipsius
532 1285 703 1350 traditores
727 1278 936 1372 procuravere
957 1283 1117 1370 discipuli,
1132 1306 1233 1348 sacer·

281 1392 393 1456 dotum
410 1389 567 1477 principes
581 1390 810 1464 formaverunt,
824 1393 913 1453 tanto
928 1387 960 1450 in
972 1387 1092 1451 malitia
1107 1392 1231 1452 Annam

281 1506 313 1558 ct
339 1493 507 1578 Caipham‚
534 1492 673 1557 Pilatum
701 1504 731 1554 et
764 1490 926 1555 Herodem
953 1489 1091 1574 amplius
1117 1511 1232 1573 praece-

214 1581 217 1584 ·
282 1594 403 1674 dentes,
416 1605 535 1680 quanto
550 1591 734 1677 diligentius
749 1601 960 1677 peccaverunt
976 1613 1014 1652 ne
1030 1589 1061 1653 in
1073 1590 1234 1675 judicium

284 1699 475 1773 traheretur,
511 1720 550 1760 ne
585 1695 808 1759 conveniretur
840 1694 881 1756 ab
913 1694 1160 1772 accusatoribus,
1194 1716 1235 1757 ne

279 1805 451 1887 'appareret
477 1813 550 1864 ante
577 1799 689 1863 faeiem
717 1797 871 1883 praesidis,
900 1820 938 1859 ne
964 1796 1130 1883 privilegio
1155 1797 1235 1860 sacri

283 1902 355 1982 loci,
381 1901 430 1964 vel
462 1901 611 1986 temporis
642 1914 698 1964 aut
728 1899 904 1984 dignitatis,
934 1911 990 1961 aut
1019 1899 1149 1983 gradus,
1178 1912 1235 1964 aut

284 2005 463 2068 reformatae
486 2003 582 2088 pacis,
600 2016 631 2065 et
648 2005 732 2067 datae
755 2001 933 2065 securitatis
948 2000 1127 2064 conditione
1142 2000 1237 2065 sacri-

285 2106 371 2192 legas
393 2127 505 2168 manus
528 2104 685 2183 evaderet,
709 2124 771 2165 non
795 2102 975 2186 gentilium,
999 2127 1060 2167 non
1084 2104 1237 2185 hostiurn,

285 2206 339 2270 sed
355 2228 462 2270 eorum
480 2208 535 2290 qui
550 2206 652 2288 legem
671 2204 730 2268 Dei
753 2205 986 2288 profitebantur
1008 2219 1039 2269 et
1062 2207 1235 2270 amicorum

284 2309 390 2373 fidem.
429 2310 510 2371 Sane
524 2308 604 2370 mira
622 2306 681 2371 Dei
696 2307 921 2393 omnipotentis
936 2321 1051 2373 cuncta
1066 2329 1097 2374 et
1113 2310 1239 2394 sapien·

285 2423 333 2475 ter
362 2421 395 2473 ct
425 2409 594 2474 salubriter
623 2408 800 2474 ordinantis
829 2409 1063 2496 dispensatione
1092 2411 1237 2495 contigit,

284 2510 372 2598 quod
397 2511 453 2596 qui
474 2511 542 2574 baec
558 2523 622 2575 tam
640 2510 730 2586 male,
748 2523 811 2574 tarn
835 2511 1038 2596 impudenter
1060 2523 1092 2574 et
1114 2512 1238 2598 impru-

285 2613 396 2679 denter
412 2613 554 2701 permisit
571 2613 650 2690 lieri,
667 2614 777 2677 eadem
793 2637 854 2677 non
870 2626 918 2677 est
939 2638 1050 2701 passus
1065 2615 1235 2680 abscondi:

286 2730 323 2781 ut
353 2718 403 2782 hic
434 2720 528 2781 etiarn
560 2716 776 2802 temporaliter
805 2717 977 2802 impleatur
1007 2718 1094 2805 quod
1123 2718 1238 2782 veritas

285 2819 514 2906 protulit,nihil
525 2818 643 2883 seilicet
653 2842 719 2882 esse
728 2819 887 2883 occultum
899 2819 986 2905 quod
997 2844 1059 2883 non
1070 2819 1237 2886 reveletur.

287 2923 369 2985 Nam
397 2921 485 3008 qnod
508 2921 548 2984 de
576 2921 727 3005 signifero
753 2922 953 3006 proditorum
980 2923 1071 2986 Juda
1096 2946 1239 2987 sermone

285 3024 400 3089 celebri
418 3024 584 3109 vulgatum
608 3036 666 3099 est,
683 3025 752 3109 pari
770 3026 845 3110 jure
867 3024 1058 3089 trahendum
1081 3038 1128 3091 est
1149 3028 1237 3091 etad

286 3127 455 3213 complices
484 3129 564 3214 ejus,
590 3151 627 3190 eo
657 3127 745 3213 quod
776 3128 816 3191 de
845 3127 1000 3192 similibus
1029 3129 1125 3193 rebus
1153 3128 1237 3193 idern

286 3240 408 3289 constet
424 3250 490 3290 esse
507 3228 681 3312 judicium,
700 3241 735 3292 ut
751 3229 942 3295 Christianis
957 3231 1105 3294 omnibus
1120 3254 1159 3293 ex
1175 3230 1239 3294 fide

286 3326 418 3411 liqueat,
431 3328 514 3411 quod
531 3330 601 3391 coeli
618 3329 807 3394 revelabunt
822 3332 1023 3417 iniquitatem
1039 3334 1191 3417 ipsorum,
1206 3347 1239 3398 et

286 3428 435 3492 adversos
465 3451 517 3491 eos
548 3441 631 3492 terra
657 3445 837 3513 consurget.
883 3434 964 3509 Quis
989 3435 1071 3499 enim
1094 3433 1237 3497 fidelium

287 3530 402 3595 audeat
419 3528 567 3595 dubitare
584 3532 669 3618 quod
687 3536 778 3596 Deus
793 3547 940 3601 auctores
955 3550 986 3601 et
1007 3546 1240 3623 perpetratores

290 3633 372 3698 tanti
388 3632 542 3718 sacrilegii
559 3646 615 3697 aut
632 3647 796 3699 convertet
812 3650 868 3700 aut
884 3642 1047 3703 conteret?

333 3738 492 3801 Passurus
514 3749 620 3802 autem
641 3737 673 3801 in
697 3738 838 3818 ecclesia,
860 3752 896 3804 ut
920 3741 1041 3805 dictum
1062 3754 1121 3819 est,
1136 3763 1241 3804 coram

289 3838 381 3903 altari
407 3838 527 3903 Christi
552 3853 685 3925 martyr,
712 3854 883 3928 antequam
910 3843 1067 3919 feriretur,
1088 3865 1189 3927 quum
1210 3866 1243 3905 se

290 3941 430 4005 audisset
460 3941 592 4027 inquiri,
614 3943 771 4008 militibus
801 3945 855 4030 qui
877 3945 918 4008 ad
948 3945 1008 4007 hoc
1037 3956 1188 4007 venerant
1209 3944 1243 4006 in
1312 3983 1316 3989 -

288 4043 384 4107 turba
399 4043 584 4108 clericorum
600 4057 632 4108 et
649 4049 872 4111 monachorum
898 4044 1155 4125 vociferantibus
1174 4046 1240 4111 Ubi

288 4158 335 4210 est
345 4145 619 4232 archiepiscopus?
635 4148 772 4213 occurrit
782 4149 820 4213 iis
830 4173 847 4212 e
857 4146 958 4232 gradu
970 4171 1065 4231 quem
1078 4172 1117 4213 ex
1128 4171 1243 4235 magna

290 4259 380 4331 parte
402 4247 595 4326 ascenderat,
616 4247 707 4313 vultu
730 4250 889 4336 intrepido
912 4248 1038 4313 dicens:
1071 4252 1156 4314 Ecce
1171 4273 1241 4335 ego,

287 4346 366 4432 quid
383 4348 504 4413 vultis?
537 4349 588 4413 cui
606 4372 687 4414 unus
704 4352 900 4416 funestorum
923 4352 1061 4419 militurn
1080 4356 1111 4416 in
1128 4353 1241 4439 spiritu
