3034 5200
293 777 401 857 lica]
678 786 855 838 nrisrotar.
1202 781 1243 840 83

289 949 514 1030 episcoporum
530 945 688 1028 impulsus
704 953 762 1019 est,
777 966 911 1026 purgare
926 965 990 1006 non
1006 965 1147 1026 possum,
1165 946 1241 1028 quia

287 1072 353 1112 non
371 1050 471 1112 luerat
490 1048 600 1131 utique
624 1046 790 1109 facienda:
823 1046 880 1108 sed
903 1047 1057 1109 offensam
1080 1046 1241 1110 confessio
1335 1104 1343 1118 ,

287 1148 388 1228 diluit,
404 1161 538 1230 accepta
554 1147 739 1210 solemniter
753 1146 946 1229 poenitentia
961 1167 979 1208 a
995 1168 1118 1209 summo
1134 1147 1238 1228 ponti-

285 1251 348 1314 fice
368 1252 422 1334 qui
446 1270 609 1333 perversas
623 1249 694 1310 illas
712 1247 960 1311 consuetudines
983 1248 1091 1310 multis
1107 1247 1239 1311 audien·

285 1353 373 1416 tibus
388 1351 575 1415 auctoritate
591 1349 770 1433 apostolica
785 1348 1022 1412 condemnavit.
1068 1349 1102 1412 Si
1125 1370 1239 1411 senon

285 1454 403 1535 ingerit
429 1451 645 1534 quarentibus
671 1451 810 1513 animam
834 1450 914 1534 ejus,
938 1472 1038 1532 quum
1061 1451 1111 1512 via
1133 1462 1241 1533 pateat

287 1555 483 1619 commodior
507 1565 540 1616 et
563 1553 728 1626 salubrior,
744 1564 829 1616 recte
854 1548 939 1630 lacit,
958 1552 1184 1636 prophetarum
1207 1564 1240 1614 et

287 1657 506 1739 apostolorum
529 1654 625 1716 fretus
647 1655 816 1736 exemplo:
851 1676 950 1738 quum
972 1653 1091 1730 David,
1116 1653 1240 1730 Helias,

285 1758 410 1834 Petrus,
433 1767 466 1819 et
492 1754 612 1819 Paulus
638 1757 699 1819 hoc
727 1756 812 1819 idem
840 1756 953 1819 secisse
979 1757 1132 1836 legantur.
1176 1754 1240 1816 Est

286 1859 371 1921 enim
396 1867 516 1921 tentare
547 1857 665 1931 Deum,
692 1877 726 1919 se
751 1855 857 1938 ipsum
885 1856 981 1918 certis
1006 1873 1038 1918 et
1063 1854 1239 1917 manifestis

286 1958 443 2042 objectare
454 1956 591 2040 periclis
600 1977 697 2039 quum
706 1956 740 2017 in
749 1956 892 2018 Domino
902 1955 1239 2039 pateatopportunitas

289 2057 455 2122 evadendi.

325 2161 417 2222 Deus
444 2170 561 2235 autem,
586 2158 640 2241 qui
659 2155 730 2240 jam
755 2155 879 2239 incepit
901 2157 1069 2220 ecclesiam
1091 2179 1181 2221 suam
1204 2156 1239 2219 in

281 2262 386 2343 capite
398 2261 570 2337 consolari,
580 2280 638 2342 per
653 2257 902 2322 misericordiam
917 2280 1007 2321 suam
1023 2258 1238 2321 consolidabit

283 2378 314 2428 et
335 2365 495 2426 membra:
522 2361 625 2444 etqui
645 2361 859 2424 Teutonicum
874 2371 1045 2443 tyrannum
1060 2361 1236 2424 schismati·

283 2485 393 2529 corum
416 2463 593 2546 principem
610 2461 718 2541 coegit
738 2463 780 2524 ab
795 2462 873 2524 urbe
894 2462 1043 2526 recedere
1059 2462 1238 2539 confusum,

283 2566 353 2649 ipse
370 2564 535 2628 dominum
549 2583 657 2645 regem
672 2563 848 2644 Auglorum
872 2563 973 2644 gratia
987 2585 1045 2628 sua
1060 2563 1193 2628 reducet
1207 2572 1239 2627 et

283 2668 424 2732 deducet
452 2668 485 2729 in
512 2668 594 2729 riam
622 2676 752 2743 rectam,
780 2676 814 2728 ut
840 2665 880 2729 de
904 2676 1020 2731 caetero
1046 2666 1238 2730 consiliariis

281 2771 374 2833 malis
384 2791 449 2833 non
464 2770 660 2853 acquiescat.
702 2769 758 2847 Et,
770 2768 797 2831 si
813 2768 979 2849 astrologis
992 2766 1131 2831 creditur
1146 2766 1238 2850 (quos

281 2882 389 2935 tamen
404 2892 463 2952 ego
484 2892 550 2933 non
566 2871 701 2932 multum
724 2869 833 2933 audire
854 2868 980 2952 dignor)
996 2890 1099 2933 annus
1118 2868 1177 2931 iste
1193 2890 1237 2931 cx

285 2974 385 3037 forma
409 2971 661 3035 constellationis
677 2970 796 3033 dicitur
810 2992 879 3034 esse
895 2971 1049 3034 mirabilis
1062 2990 1071 3031 r
1102 2981 1134 3035 et
1148 2972 1183 3034 in
1197 2991 1236 3034 eo

280 3093 393 3153 regum
419 3072 553 3135 consilia
580 3072 797 3145 mutabuntur,
823 3084 855 3135 et
883 3073 917 3134 in
947 3075 1023 3136 orbe
1053 3074 1238 3137 crebescent

283 3174 382 3247 bella,
398 3172 531 3235 fervebit
545 3180 626 3235 terra
646 3172 869 3251 seditionibus,
884 3172 1102 3258 deprimentur
1116 3196 1237 3239 mercu-

281 3274 388 3352 riales,
414 3272 469 3335 sed
496 3282 601 3336 tamen
627 3276 661 3337 in
690 3275 756 3338 fine
783 3276 859 3339 anni
884 3277 1117 3339 relevabuntur.
1161 3279 1235 3357 Ego

278 3386 384 3438 tamen
398 3375 469 3439 haec
492 3377 618 3460 somnia
637 3399 720 3442 vana
740 3391 829 3462 puto,
844 3379 923 3443 licet
941 3399 999 3461 pro
1016 3388 1106 3462 parte
1125 3401 1235 3443 rerum

278 3475 397 3541 dixisse
414 3478 589 3542 videantur.
634 3480 793 3544 Obierunt
808 3481 894 3544 enirn
911 3481 1083 3545 consiliarii
1098 3482 1236 3565 impera·

277 3580 364 3658 toris,
379 3579 580 3661 Reginaldus
596 3580 800 3646 coloniensis
821 3582 1094 3665 archiepiscopus,
1109 3594 1141 3645 et
1162 3584 1235 3647 Ma·

279 3681 428 3761 gontinus
449 3682 598 3761 intrusus,
622 3683 823 3762 leodiensis,
838 3692 871 3747 et
885 3683 1134 3766 Ratisponensis
1147 3686 1232 3768 epis·

279 3783 365 3865 copi,
378 3793 408 3845 et
428 3784 536 3864 plures
555 3784 750 3848 schismatici
770 3785 943 3868 principes.
987 3786 1081 3849 Bella
1100 3794 1134 3849 et
1149 3787 1234 3865 sedi·

277 3883 379 3946 tiones
395 3884 513 3968 ubique
528 3884 660 3961 servent,
675 3885 880 3947 mercuriales
895 3883 976 3947 adeo
993 3884 1134 3970 depressi
1145 3891 1234 3963 sunt,

278 3990 315 4047 ut
337 3985 494 4061 Francia,
513 3987 657 4048 omnium
680 3988 850 4049 mitissima
870 3993 902 4049 et
924 3989 1110 4051 civilissima
1131 3987 1233 4050 natio·

278 4106 365 4162 num,
381 4087 574 4169 alienigenas
596 4088 758 4151 scholares
781 4089 937 4168 abegerit.
982 4089 1043 4151 Est
1057 4098 1090 4151 et
1112 4088 1231 4149 revela·

278 4186 374 4249 tionis
395 4200 613 4270 argumentum
630 4190 718 4273 quod
742 4189 856 4254 seditio
872 4191 1042 4253 Remensis
1063 4188 1235 4272 pacificata

280 4297 339 4359 est,
365 4297 397 4349 et
424 4290 512 4352 urbis
543 4293 646 4355 soluta
676 4302 725 4354 est
750 4289 889 4354 obsidio.
935 4292 1031 4354 Hanc
1057 4290 1142 4353 enim
1172 4292 1235 4355 sibi

281 4390 523 4467 germanitatem
547 4390 594 4469 (ut
615 4392 714 4472 aiunt)
738 4392 790 4453 hae
814 4389 887 4451 duae
903 4392 1058 4456 exhibent
1080 4392 1234 4470 civitates,

731 4510 751 4553 a
768 4497 789 4553 2
