3034 5200
306 709 365 767 166
503 724 506 730 ·
564 722 699 767 scaurus
715 722 993 768 saunssnmausls
1164 703 1260 782 [x.·o.

307 872 527 948 anathematis,
543 873 619 936 etin
636 893 769 956 regnum
783 872 945 936 interdicti
971 872 1173 958 promulgare
1189 896 1258 936 sen·

308 973 449 1053 tentiam,
462 973 521 1037 nisi
533 997 588 1037 rex
604 974 688 1037 infra
699 975 870 1038 terminum
887 973 985 1038 literis
995 976 1258 1057 comprehensum

306 1075 444 1138 ecclesiis
458 1075 564 1138 ablata
575 1097 646 1138 cum
658 1075 842 1161 integritate
854 1076 1046 1152 restitueret,
1059 1089 1089 1138 et
1102 1075 1259 1161 condigne

306 1175 509 1240 satisfaceret.
548 1176 680 1261 Scripsit
696 1199 772 1260 ergo
783 1176 912 1264 domino
923 1199 1024 1261 papae,
1036 1175 1257 1261 lachrymabili

305 1277 534 1362 supplicatione
548 1276 730 1361 deposcens,
746 1289 784 1340 ut
798 1300 870 1340 cum
888 1300 961 1374 rege
976 1278 1084 1341 mitius
1098 1289 1258 1360 ageretur,

305 1392 415 1444 netem
427 1379 530 1455 illum,
543 1401 641 1465 quam
653 1378 816 1442 dominum
829 1379 978 1443 Ottonem
987 1379 1140 1462 collegam
1152 1402 1255 1453 suum,

305 1482 345 1545 ad
360 1479 565 1567 ignominiam
588 1493 620 1544 et
640 1480 847 1566 opprobrium
869 1480 1096 1564 sempiternum
1118 1480 1255 1544 ecclesiae

304 1589 470 1664 Romauae,
481 1583 565 1646 idem
582 1605 649 1661 rex,
661 1582 743 1645 sicut
754 1582 821 1666 jam
838 1580 1048 1663 disposuerat,
1062 1581 1086 1644 si
1102 1581 1133 1643 in
1149 1581 1254 1666 ipsum

303 1685 445 1772 asperius
471 1696 629 1768 ageretur,
652 1683 819 1766 conjiceret
835 1682 865 1744 in
890 1681 1015 1745 vincula
1031 1695 1064 1747 et
1087 1705 1255 1759 carcerem,

304 1787 361 1850 ubi
384 1796 485 1847 morte
507 1785 576 1867 ipsa
598 1782 771 1860 duriorem,
794 1780 939 1846 miseram
962 1794 994 1846 et
1010 1783 1135 1847 brevem
1153 1797 1255 1848 traus-

303 1889 425 1972 igerent
445 1884 553 1948 vitam.
598 1884 704 1958 Quum
721 1905 798 1966 ergo
813 1904 919 1966 regem
935 1884 994 1947 hoc
1009 1883 1167 1950 facturum
1189 1908 1256 1950 esse

301 1988 520 2073 persuasisset,
537 1982 675 2047 obtinuit
690 1983 730 2045 ad
747 1983 989 2048 consolationem
1006 1986 1100 2070 regis,
1116 1998 1148 2050 et
1163 1987 1254 2071 quasi

304 2111 392 2153 suam
408 2100 440 2150 et
456 2086 530 2149 socii
547 2085 776 2162 liberationem,
798 2109 861 2170 quo
877 2086 1000 2150 facilius
1015 2087 1252 2171 egrederentur,

301 2190 488 2270 rescriptum
504 2183 723 2271 apostolicum,
740 2185 825 2269 quod
841 2198 906 2249 tam
922 2204 1055 2250 vestram
1073 2208 1167 2271 quam
1184 2211 1253 2251 om·

301 2289 389 2352 nium
417 2286 557 2351 fidelium
591 2297 711 2350 mentes
738 2286 944 2352 exulceravit.
991 2288 1052 2351 Sed
1081 2287 1253 2374 impetrare

301 2411 363 2453 non
377 2387 494 2473 potuit,
510 2399 547 2449 ut
559 2384 746 2450 tollerentur
758 2386 868 2465 literae,
881 2387 1000 2472 quibus
1012 2388 1157 2453 dominus
1167 2413 1252 2476 papa

302 2490 428 2556 reducit
452 2490 484 2552 in
511 2488 691 2552 memoriam
719 2489 815 2572 regiS,
839 2490 926 2575 quod
952 2491 1060 2555 eitam
1088 2515 1130 2556 ex
1152 2491 1253 2556 literis

302 2595 381 2681 ejus,
405 2615 501 2678 quam
523 2614 561 2654 ex
585 2590 845 2676 promissionibus
868 2595 1056 2657 nunciorum
1081 2592 1156 2658 data
1172 2606 1253 2658 esset

301 2707 389 2761 certa
404 2716 475 2780 spes
489 2705 522 2757 et
536 2692 652 2757 fiducia
673 2692 759 2778 pacis
775 2693 836 2756 sub
850 2714 887 2755 ea
909 2694 1101 2772 conditione,
1118 2707 1154 2759 ut
1169 2718 1253 2780 saepe

302 2797 388 2861 dicto
419 2794 487 2881 regi
509 2806 619 2858 tantus
645 2793 851 2858 exhiberetur
877 2793 986 2859 honor.
1034 2797 1252 2882 Supplicatum

301 2910 359 2974 est,
379 2897 467 2960 utin
490 2917 607 2959 annum
628 2895 870 2980 protenderetur
892 2895 960 2959 haec
983 2895 1106 2974 dilatio,
1128 2898 1183 2963 sed
1206 2920 1253 2961 re-

300 2998 401 3083 pulsae
430 3010 505 3061 sunt
531 3020 651 3081 preces,
678 2995 851 3082 apostolico
878 2996 1002 3061 dicente
1029 2998 1152 3063 nunciis
1177 2999 1253 3085 ipsis

300 3122 332 3163 se
347 3099 378 3161 in
394 3097 483 3161 brevi
506 3110 724 3161 revocaturum
741 3097 973 3183 indulgentiam
993 3099 1099 3179 istam,
1114 3102 1174 3165 nisi
1194 3122 1250 3164 rex

299 3221 372 3262 cum
395 3198 630 3283 archiepiscopo
656 3198 719 3263 cito
741 3199 852 3265 fecerit
882 3222 1003 3285 pacem.
1050 3203 1094 3266 Et
1121 3203 1251 3288 quidem

249 3361 250 3364 ,
294 3301 362 3385 jam
378 3309 524 3359 revocata
545 3309 605 3373 est,
620 3298 679 3360 nisi
699 3299 783 3363 infra
804 3315 926 3366 certum
944 3303 1132 3368 satisfecerit
1154 3304 1251 3368 diem.

299 3397 430 3463 Exinde
445 3397 526 3459 enim
550 3397 685 3462 liberum
702 3413 749 3464 est
764 3403 1001 3488 archiepiscopo
1017 3405 1187 3487 procedere
1209 3405 1250 3466 de

298 3499 406 3583 rigore
421 3496 596 3573 literarum,
612 3521 692 3583 quas
706 3498 812 3587 ipsum
835 3505 982 3587 superius
996 3501 1137 3565 diximus
1152 3501 1250 3587 impe·

298 3615 406 3666 trasse.
453 3598 534 3663 Inde
556 3612 615 3679 est,
631 3603 719 3687 quod
742 3603 917 3667 cardinales
937 3602 977 3666 de
998 3602 1146 3665 manibus
1166 3602 1251 3686 regis

298 3703 381 3768 elabi
395 3701 597 3767 festinantius
613 3706 815 3769 studuerunt.
854 3703 1001 3769 Nuncius
1015 3702 1176 3788 supplebit
1190 3725 1250 3766 cae-

298 3816 365 3868 tera
388 3802 521 3865 dicenda
545 3803 761 3888 potiusquam
783 3802 959 3878 scribenda,
977 3819 1013 3865 ut
1031 3813 1063 3864 et
1084 3816 1131 3880 tu,
1147 3824 1248 3887 quum

297 3904 402 3969 omnia
423 3904 552 3978 videris,
574 3903 741 3987 provideas
763 3903 925 3986 quomodo
947 3902 1047 3987 possis
1068 3903 1250 3967 cautissime

296 4006 467 4071 ambulare.
508 4004 539 4067 si
556 4003 635 4087 quid
651 4013 757 4064 autem
773 4000 879 4064 adhuc
894 4005 1066 4077 emerserit,
1080 4004 1168 4088 quod
1179 4006 1247 4090 jam

298 4107 425 4171 statutis
447 4102 646 4190 praejudicet,
662 4099 730 4175 tibi,
753 4100 824 4162 Deo
846 4102 1050 4186 propitiante,
1074 4108 1248 4170 commuui-

296 4230 366 4271 care
381 4229 444 4269 non
460 4204 612 4267 differam.

340 4312 466 4393 Regum
488 4329 551 4392 pax
575 4304 760 4391 sperabatur
782 4315 812 4367 et
837 4300 1035 4371 tractabatur
1058 4331 1171 4394 nuper,
1194 4307 1248 4375 sed
