3034 5200
272 716 380 798 1167.]
652 733 831 783 cursorum.
1181 723 1222 780 95

268 962 490 1025 EPISTOLA
515 962 1124 1027 CCXXX.—roruurssnnnrouu1nn
1141 981 1220 1026 nno.

475 1083 565 1127 roan.
582 1082 763 1127 sanssnun.
798 1063 884 1142 [an.
905 1065 1012 1146 1167.]

311 1223 399 1285 Posr
424 1222 665 1284 translationem
681 1223 845 1303 Angelicae
869 1223 1068 1287 Hiemichiae
1087 1227 1221 1290 transla-

267 1326 387 1388 tionem
407 1325 647 1388 Ecclesiasticae
674 1323 793 1401 distuli,
809 1325 882 1408 quia
908 1346 1002 1409 super
1027 1347 1066 1388 ea
1089 1329 1220 1390 transs-

266 1427 365 1488 renda
387 1436 520 1489 vestram
542 1426 736 1489 voluntatem
758 1429 909 1508 ignoravi.
953 1429 1095 1491 Verebar
1114 1440 1221 1492 autern

266 1551 308 1590 ne
329 1529 453 1590 viderer
474 1538 506 1590 et
528 1548 667 1590 meorum
690 1529 809 1593 nimius
831 1531 1035 1614 approbator,
1058 1540 1090 1591 et
1112 1540 1222 1594 contra

269 1630 471 1692 Salomonem
487 1629 633 1691 liminum
655 1631 749 1694 amici
770 1633 833 1694 mei
849 1630 979 1695 odiosus
993 1632 1220 1715 frequentator.

266 1731 485 1792 Veruntamen
511 1729 553 1792 ad
578 1731 833 1794 transferendum
862 1731 1014 1812 magister
1039 1732 1220 1796 scholarum

267 1853 319 1894 me
349 1831 530 1909 commorit,
560 1832 616 1914 qui
646 1832 715 1916 ejus
746 1833 947 1895 Hierarchiae
973 1833 1089 1895 factam
1121 1854 1142 1895 a
1169 1854 1220 1895 me

269 1934 507 1996 translationem
524 1955 581 1996 ros
604 1936 782 2016 approbare
802 1949 834 1998 et
853 1935 949 2018 hujus
969 1934 1127 2018 postulare
1144 1955 1220 1997 con-

265 2036 413 2099 firmavit.
452 2034 605 2099 Eundem
621 2046 727 2099 autem
738 2034 869 2099 modum
885 2035 1093 2099 transferendi
1108 2036 1143 2098 in
1159 2037 1219 2100 hac

265 2136 456 2200 Hierarchia
470 2157 565 2220 quem
584 2136 619 2198 in
646 2136 779 2200 Coelesti
805 2138 981 2215 observavi,
995 2137 1056 2198 hoc
1081 2146 1220 2219 excepto

264 2237 350 2320 quod
362 2237 494 2302 Latinas
510 2238 669 2301 dictiones
684 2240 802 2302 multas
817 2260 875 2320 pro
890 2259 956 2301 una
968 2239 1084 2300 Graeca
1098 2237 1220 2321 positas

264 2358 330 2401 non
344 2338 465 2421 ubique
482 2338 651 2422 conjunxi,
665 2347 698 2400 et
711 2337 831 2401 alicubi
852 2359 980 2400 sensum
999 2337 1108 2420 potius
1123 2357 1219 2421 quarn

265 2439 363 2501 rerba
385 2459 454 2502 sum
477 2450 640 2521 sequutus.
685 2439 806 2502 Poterit
828 2450 935 2503 autem
957 2439 1073 2522 aliquis
1095 2460 1219 2502 remon·

267 2550 364 2602 strare
389 2560 486 2623 quare
508 2539 666 2622 placuerit
691 2539 878 2603 Latinorum
900 2539 1047 2603 eeclesia
1071 2535 1220 2624 quaedam

265 2652 385 2705 mutare
410 2662 483 2723 quae
507 2650 634 2704 constat
652 2641 752 2703 virum
777 2641 1010 2703 sanctissimum
1029 2652 1062 2703 et
1081 2642 1122 2702 ab
1142 2661 1218 2722 apo·

265 2744 354 2806 stolis
369 2743 527 2807 eruditum
544 2741 723 2821 tradidisse,
737 2743 803 2805 imo
824 2741 941 2805 tradita
955 2744 996 2805 ab
1011 2742 1218 2804 antecessori·

262 2844 323 2906 bus
346 2844 412 2907 suis
434 2845 622 2920 narravisse,
638 2854 670 2907 et
691 2865 788 2928 quare
811 2844 928 2908 tradita
943 2844 1061 2909 suerint
1075 2844 1218 2907 rationes

263 2946 450 3010 ostendisse.

257 3168 480 3232 EPISTOLA
503 3169 1213 3237 chXXl.-anrosuunurrcmrmusum.

632 3273 717 3353 [an.
737 3274 847 3353 1167.]

474 3406 600 3469 loanni
613 3408 816 3471 Pietuoiertsi
829 3408 1002 3491 Episcopo.

304 3516 464 3580 Pururum
485 3528 533 3581 est
556 3518 692 3582 consilio
715 3530 820 3582 vestro
841 3540 900 3602 pro
920 3518 1059 3582 viribus:
1084 3521 1216 3584 missum

263 3629 313 3683 est
336 3618 378 3681 ad
400 3618 566 3684 dominum
588 3642 706 3705 papam
729 3642 803 3684 cum
825 3620 925 3684 literis
949 3620 1215 3684 christianissimi

262 3719 346 3802 regis
372 3732 404 3783 et
428 3723 617 3804 optimatum
644 3723 800 3786 Franciae.
850 3720 1068 3786 cardinalium
1097 3744 1215 3786 nomen

260 3822 352 3886 viluit
373 3823 461 3905 apud
487 3823 639 3901 Francos,
664 3845 703 3886 eo
729 3823 818 3905 quod
843 3823 1031 3887 Balaamitae
1058 3837 1216 3908 quatenus

259 3924 349 3988 licuit
362 3924 483 3987 inventi
503 3936 588 4003 sunt,
607 3936 638 3988 et
657 3925 746 4007 digni
768 3925 823 4010 qui
844 3946 917 3989 cum
938 3925 1005 3989 suis
1027 3924 1216 3990 Madianitis

260 4034 408 4089 corruant
429 4027 536 4108 gladio
556 4028 683 4111 Moysi:
714 4028 880 4091 vivificant
899 4012 983 4091 enirn
999 4029 1121 4091 animas
1142 4047 1214 4107 quae

260 4148 325 4190 non
336 4128 456 4205 vivunt,
466 4139 499 4190 et
509 4129 726 4192 Moabitarum
739 4138 905 4212 captantes
916 4148 1049 4192 munera
1058 4125 1214 4208 populum

261 4227 325 4289 Dei
347 4229 516 4292 maledicto
539 4238 571 4292 et
593 4228 726 4292 infamia
750 4237 906 4291 conantur
927 4227 1095 4289 involvere.
1140 4224 1212 4285 Nec

257 4328 350 4391 veriti
357 4336 430 4392 sunt
439 4330 565 4394 mentiri
575 4330 715 4395 inliteris
727 4350 807 4412 quas
818 4339 928 4393 contra
938 4324 1216 4397 cantuariensem,
