3034 5200
287 719 392 806 1168]
660 745 840 790 nrrsronm.
1073 820 1075 824 ι
1179 739 1238 795 177

311 998 530 1062 EPISTOLA
554 998 824 1062 coniux-an
840 1016 1013 1085 nrconaun
1031 1019 1073 1061 nu
1090 1018 1207 1061 nourr

570 1117 695 1162 norom.
726 1101 942 1179 [n.n.1168.]

609 1259 695 1322 Idan
709 1280 761 1319 suo
779 1257 912 1320 Nicolnn.

352 1388 483 1458 Tempora
495 1386 517 1437 si
528 1402 648 1437 numeres
660 1385 727 1435 bene
737 1401 794 1452 quae
806 1399 969 1434 numeramus
981 1356 1107 1446 amantes,

388 1472 451 1524 Non
463 1472 535 1524 venit
547 1476 608 1522 ante
620 1487 693 1522 suam
704 1476 792 1521 nostra
803 1467 909 1537 querela
921 1468 998 1520 diem.

328 1584 402 1647 Nnc
417 1582 583 1667 suspiceris
598 1581 684 1667 quod
698 1581 739 1644 de
755 1592 787 1645 te
801 1579 891 1666 queri
907 1579 1013 1657 velim,
1030 1581 1120 1664 cujus
1136 1581 1233 1645 fidem

285 1696 317 1748 et
340 1683 542 1748 devotionem
558 1706 577 1747 a
592 1681 700 1747 multis
721 1682 917 1767 argumentis
936 1682 1101 1767 probatam
1122 1683 1235 1764 habeo,

284 1785 339 1850 sed
365 1786 424 1850 tibi
448 1807 625 1871 conqueror
644 1784 730 1872 quod
753 1784 872 1848 amicos
893 1785 994 1848 sentio
1016 1785 1236 1869 gravissimum

283 1911 389 1974 passos
411 1911 479 1953 esse
498 1888 713 1973 dispendium,
734 1899 769 1951 et
790 1909 829 1950 eo
851 1886 981 1972 quidem
1003 1887 1129 1971 gravius
1150 1888 1236 1974 quod

283 1992 500 2078 praepediente
529 2003 656 2078 stupore
677 1992 838 2077 jacturam
860 1991 912 2055 vix
935 1990 1145 2076 reparabilem
1173 2013 1235 2054 non

283 2095 462 2162 advertunt.
495 2096 680 2161 Amicitiam
690 2117 810 2172 reram,
821 2095 911 2178 cujus
921 2093 1047 2158 initium
1060 2094 1234 2180 perfectum

282 2197 378 2261 finem
403 2221 531 2285 quoque
553 2198 692 2263 fideliter
715 2196 801 2283 apud
826 2196 988 2262 Ciceronis
1012 2196 1160 2273 Laelium,
1181 2197 1237 2261 sed

282 2300 407 2365 fidelius
422 2301 519 2386 ipsius
534 2301 660 2365 virtutis
674 2299 873 2386 experientia
886 2298 1035 2376 didicisti,
1052 2298 1235 2384 Philosophi

282 2404 427 2488 gentium
450 2402 637 2489 praedicant,
654 2413 690 2467 ut
710 2424 783 2466 eam
797 2402 872 2467 vitae
892 2413 1044 2466 censeant
1063 2401 1236 2487 praeferen-

282 2507 372 2570 dam:
402 2505 477 2591 quia
500 2504 568 2568 sine
592 2504 647 2568 illa
669 2504 750 2568 sicut
773 2503 957 2589 injucunde,
984 2503 1081 2568 sicet
1107 2505 1179 2567 Deo
1203 2516 1236 2567 et

281 2609 464 2673 hominibus
477 2608 594 2675 vivitur
611 2608 726 2673 odiose.
774 2608 868 2672 Hanc
889 2630 948 2692 ego
969 2606 1049 2671 nihil
1065 2607 1234 2670 aliudesse

282 2711 484 2793 crediderim,
512 2733 608 2799 quam
644 2710 821 2793 caritatem,
851 2710 918 2774 sine
949 2732 1012 2795 qua
1041 2708 1126 2795 quod
1157 2710 1236 2774 fides

284 2814 439 2879 catholica
457 2814 563 2897 docet,
576 2836 672 2877 nemo
687 2813 811 2878 fruetur
835 2814 916 2880 Deo.
962 2812 1016 2877 Ab
1035 2812 1095 2876 hac
1117 2811 1235 2876 amicos

281 2916 373 2981 doleo
388 2916 551 2993 excidisse,
567 2928 603 2980 ut
619 2938 707 2981 rarus
722 2915 763 2980 sit
777 2916 832 3003 qui
847 2938 912 2980 non
928 2915 1115 3001 profiteatur
1130 2937 1163 2979 se
1178 2916 1234 2979 ob-

279 3014 413 3101 ligatum
429 3040 507 3095 esse,
523 3028 579 3081 aut
593 3018 681 3081 carni
696 3029 729 3081 et
749 3016 896 3101 sanguini
912 3027 969 3081 aut
987 3015 1235 3102 possessionibus

283 3118 357 3199 suis,
382 3128 438 3181 aut
462 3118 633 3203 expressim
660 3118 779 3182 cavisse
808 3117 947 3203 publicae
973 3119 1121 3204 potestati
1145 3119 1178 3183 iu
1202 3119 1236 3183 id

283 3218 370 3303 quod
384 3215 470 3280 salva
485 3217 614 3281 caritate
634 3240 697 3281 non
717 3228 822 3304 potest
841 3219 1008 3285 observari.
1055 3221 1162 3296 Quam
1179 3222 1236 3287 ob·

281 3318 465 3404 ligationem
481 3318 506 3383 si
522 3319 593 3406 quis
607 3319 727 3383 licitam
748 3342 816 3385 esse
839 3322 1049 3397 contenderit,
1066 3346 1126 3408 ego
1140 3323 1231 3388 illum

280 3421 467 3486 haereticum
497 3443 565 3485 esse
594 3444 658 3485 non
685 3421 807 3501 dubito,
833 3433 867 3489 et
892 3424 1086 3490 reclamante
1111 3428 1233 3492 mundo

280 3527 451 3609 pronuntio
473 3523 669 3590 evitandum.
716 3525 786 3609 Ego
801 3525 965 3590 cautiones
987 3526 1061 3590 istas
1084 3540 1232 3612 expertus

280 3648 360 3703 sum,
377 3626 429 3690 cui
444 3626 585 3691 exulanti
595 3628 664 3712 jam
680 3639 787 3693 sextus
809 3627 957 3692 imminet
970 3650 1083 3705 annus,
1100 3639 1133 3692 et
1147 3631 1233 3715 quod

280 3730 381 3814 majus
396 3738 454 3806 est,
470 3729 618 3793 dominus
638 3731 789 3798 Cantuar.
806 3742 840 3795 et
854 3730 1005 3794 ooexules
1019 3730 1067 3793 sui
1082 3745 1231 3816 quartum

279 3841 445 3915 peragunt,
461 3829 622 3914 publicam
646 3853 819 3915 procurans
841 3830 1011 3895 utilitatem
1035 3832 1076 3896 ad
1098 3833 1232 3917 ignomi-

279 3932 364 3996 niam
379 3943 566 4009 nostratum,
584 3932 647 3996 suis
662 3945 717 3997 aut
737 3934 841 4019 gentis
863 3934 977 3999 alienae
997 3934 1161 4020 stipendiis
1176 3935 1233 3999 ad-

279 4033 341 4098 huc
356 4035 472 4099 militat
485 4058 543 4121 pro
562 4035 709 4100 libertate
725 4038 878 4117 ecclesiae,
893 4060 951 4123 pro
965 4037 1118 4121 sanguine
1142 4035 1234 4099 cleri·

281 4158 400 4218 corum,
412 4159 469 4222 pro
484 4139 696 4203 consolatione
707 4140 828 4225 populi,
841 4149 874 4203 et
885 4162 947 4203 non
961 4151 1009 4203 est
1020 4139 1075 4224 qui
1086 4138 1234 4223 respiciat

281 4262 366 4303 eum.
412 4240 485 4304 Non
508 4242 607 4306 estin
629 4242 764 4307 ecclesia
780 4241 959 4326 Anglicana
973 4242 1028 4328 qui
1051 4242 1181 4305 Petrum
1199 4255 1232 4306 et
1281 4297 1283 4301 Α

280 4341 511 4427 condiscipulos
528 4345 657 4429 adjuvet
676 4345 708 4408 in
730 4343 916 4429 remigando
931 4344 1118 4409 laborantes.
1168 4344 1245 4409 Sed

322 4466 393 4509 vot.
412 4466 447 4510 11.
743 4468 764 4509 n
