3034 5200
301 729 364 789 202
397 725 405 740 “
558 744 695 788 ioannis
711 742 989 788 sanassnmnrsrs
1157 726 1204 805 [s.
1220 748 1251 791 n.

299 893 411 958 tudine
432 892 555 957 falleret
578 894 696 956 amicos
719 893 846 976 praefati
870 893 1121 972 Cantnariensis,
1138 918 1177 958 ne
1196 919 1254 982 per
1359 891 1363 895 ’

298 993 438 1080 aliquem
453 1017 561 1058 eorum
585 992 817 1078 impedirentur
839 995 1008 1079 petitiones
1029 1017 1110 1080 quas
1131 999 1253 1061 eratin

298 1096 429 1161 alterius
448 1097 530 1180 regis
549 1095 707 1180 colloquio
726 1108 944 1181 porrecturus,
959 1109 992 1160 et
1009 1110 1045 1160 ut
1069 1099 1254 1184 impraemu·

298 1198 400 1260 nitum
420 1197 598 1260 Romanum
616 1197 794 1282 pontificem
816 1196 988 1260 accelerata
1004 1196 1160 1282 legatione
1175 1200 1254 1264 faci-

298 1298 360 1363 lius
374 1298 623 1363 circumveniret.
670 1298 801 1383 Scripsit
822 1320 899 1382 ergo
919 1297 1068 1362 dominus
1084 1301 1255 1365 Cantuan'-

296 1399 379 1463 ensis
394 1399 541 1485 episcopo
555 1398 745 1464 Pictaviensi
761 1420 794 1461 se
813 1397 855 1461 ad
878 1398 1067 1461 Turonense
1081 1399 1250 1464 concilium

297 1522 359 1565 non
374 1512 557 1579 venturum,
573 1499 738 1584 increpans
756 1520 829 1561 enm
852 1498 940 1582 qnod
962 1499 1042 1562 citra
1063 1500 1250 1565 mandatum

295 1613 327 1665 et
349 1599 571 1663 conscientiam
593 1620 681 1686 suam
704 1620 828 1662 causam
852 1597 994 1661 ecclesioe
1014 1602 1193 1664 contulerat
1216 1601 1250 1663 in

295 1701 463 1766 arbitrium
487 1699 622 1763 hominis
647 1699 831 1762 subvertere
858 1698 988 1762 nitentis
1009 1699 1251 1767 ecclesiasticam

296 1802 486 1885 libertatem,
507 1815 539 1864 et
562 1801 619 1885 qui
643 1801 737 1864 toties
752 1822 833 1863 vana
856 1822 911 1885 spe
933 1799 1100 1885 deceperat
1124 1815 1251 1867 contra-

296 1903 415 1968 irentes.

340 2006 380 2068 ln
406 2003 545 2068 secundo
568 2026 642 2066 vero
664 2025 775 2086 regum
801 2002 970 2088 colloquio,
994 2016 1164 2090 postquam
1187 2004 1245 2069 diu

296 2104 491 2169 refutaverat
517 2115 548 2166 et
573 2103 740 2186 juraverat
766 2125 799 2165 se
828 2101 936 2167 literas
960 2104 1159 2189 Apostolicas
1184 2125 1249 2167 non

296 2216 510 2290 recepturum,
540 2202 667 2266 tandem
697 2203 908 2267 commonitus
937 2226 957 2267 a
993 2204 1069 2282 suis,
1099 2205 1251 2290 praefatas

294 2305 547 2371 comminatorias
560 2327 579 2367 a
594 2302 749 2388 religiosis
761 2304 836 2368 viris
851 2305 908 2390 qui
923 2304 963 2368 ad
979 2305 1039 2368 hoc
1055 2306 1140 2369 missi
1156 2320 1246 2372 erant

295 2405 387 2493 petiit
401 2418 434 2470 et
448 2405 579 2491 accepit.
626 2404 776 2488 Longum
792 2404 852 2468 erit
868 2405 985 2468 referre
1002 2418 1083 2489 quot
1098 2418 1130 2470 et
1153 2428 1248 2490 quam

294 2507 381 2571 varia
402 2506 526 2592 sibique
548 2507 761 2592 repugnantia
781 2528 931 2591 responsa
953 2505 1088 2587 dederit,
1102 2509 1160 2593 qui
1180 2529 1248 2572 ver·

294 2610 446 2676 nihilitate
472 2610 585 2674 merito
610 2608 782 2674 videbatur
811 2608 916 2693 ipsum
945 2611 1060 2673 Protea
1086 2632 1249 2694 superare.

293 2712 357 2779 sed
379 2733 501 2777 summa
526 2708 656 2795 negotii,
678 2708 788 2773 multis
813 2708 931 2772 habitis
956 2709 1106 2790 consiliis,
1127 2711 1160 2773 in
1187 2710 1248 2775 hoc

292 2813 421 2878 demum
443 2813 506 2878 fine
521 2811 638 2875 resedit
661 2809 760 2896 quod,
777 2831 944 2895 suppresso
966 2810 1092 2874 nomine
1116 2832 1247 2876 consue·

293 2915 453 2994 tudinum,
482 2913 565 2977 dixit
595 2934 628 2975 se
656 2933 719 2975 non
749 2912 877 2993 fugasse
907 2911 1168 2976 Cantuariensem
1206 2913 1247 2977 de

292 3038 409 3101 regno;
446 3014 512 3092 sed,
535 3014 560 3077 si
583 3014 686 3077 facere
708 3012 846 3076 voluerit
871 3012 960 3097 quod
987 3016 1130 3077 lecerunt
1157 3025 1246 3077 ante·

292 3140 428 3181 cessores
438 3115 500 3192 sui,
511 3125 544 3179 et
559 3115 618 3177 hoc
630 3113 815 3199 simpliciter
830 3126 862 3177 et
873 3114 957 3177 bona
968 3115 1031 3178 tide
1046 3114 1245 3199 promittere,

292 3213 395 3278 redire
417 3215 535 3296 poterit
558 3224 590 3276 et
613 3211 729 3274 habere
751 3233 860 3296 pacem
883 3212 916 3274 in
944 3224 1029 3276 terra
1050 3226 1081 3277 et
1108 3214 1246 3298 gratiam

290 3316 371 3401 ejus,
386 3313 412 3376 si
428 3310 585 3375 studuerit
601 3333 669 3373 eam
688 3312 873 3395 promereri.
920 3314 982 3377 Sed
1004 3317 1033 3378 ei
1057 3336 1243 3399 responsum

290 3413 441 3501 estquod
466 3412 723 3497 archiepiscopus
746 3414 867 3478 nullam
890 3416 984 3481 inibit
1007 3415 1245 3501 obligationem,

292 3516 468 3605 prasertim
485 3514 670 3600 captiosam,
685 3513 745 3578 nisi
762 3515 849 3579 salvo
865 3517 983 3581 bonore
999 3519 1072 3594 Dei,
1088 3531 1120 3582 et
1135 3517 1247 3581 ordine

291 3643 369 3693 ano;
408 3619 569 3682 facturum
599 3638 676 3680 vero
704 3616 790 3701 quod
820 3617 961 3695 debebit,
991 3620 1116 3704 adjecto
1145 3618 1245 3683 totius

289 3720 467 3784 devotionis
481 3719 644 3805 obsequio.
690 3720 735 3784 Et
750 3718 824 3783 licet
840 3741 953 3784 nomen
975 3719 1245 3785 consuetudinum

289 3829 458 3894 taceretur,
473 3838 526 3880 eas
548 3832 651 3881 tamen
676 3830 799 3882 constat
821 3817 906 3902 exigi
931 3819 992 3882 sub
1014 3841 1051 3881 ea
1074 3818 1245 3882 verborum

288 3918 432 3983 clausula
447 3938 512 4003 qua
528 3916 588 3981 sibi
611 3918 692 4003 petit
715 3918 804 4004 quod
829 3919 907 3983 dicit
930 3920 971 3983 ah
993 3919 1245 3983 antecessoribus

289 4019 493 4092 factitatum3
535 4017 594 4081 sibi
623 4039 697 4081 vero
723 4018 812 4082 nulla
836 4024 959 4084 ratione
987 4022 1081 4085 licere
1110 4020 1246 4104 subjecit

288 4120 545 4205 archiepiscopus
556 4117 789 4183 observantiam
802 4121 1069 4185 consuetudinum
1085 4120 1242 4205 profiteri,

287 4234 355 4286 tum
371 4223 449 4305 quia
463 4242 577 4285 novam
600 4219 733 4284 formam
756 4220 788 4283 in
811 4221 971 4285 ecclesiam
995 4223 1147 4287 inducere
1169 4243 1241 4306 per-

287 4322 440 4385 niciosum
467 4334 548 4385 esset
574 4323 731 4407 exemplo,
759 4336 826 4386 tum
858 4323 936 4405 quia
960 4323 1031 4387 illas
1057 4345 1096 4387 ex
1127 4343 1244 4407 magna
