3034 5200
291 747 438 826 1167-8.]
679 763 857 808 nrrsronra.
1205 748 1246 805 99

284 915 358 991 lem,
372 926 407 978 ut
428 935 558 998 poenam
581 937 676 999 quam
699 916 908 979 intentaverat
929 913 1107 988 innocenti,
1130 913 1237 976 consi·

285 1015 367 1078 liarii
392 1006 547 1080 nocentes
572 1018 770 1100 exciperent.
823 1018 868 1080 Et
893 1018 920 1080 si
946 1015 1144 1079 historiarum
1169 1035 1236 1077 non

286 1129 429 1180 movetur
454 1118 622 1202 exemplis,
645 1140 717 1181 eum
747 1119 797 1181 vel
826 1118 1013 1182 Fredericus
1042 1125 1237 1196 exaugustus

285 1228 390 1300 potest
411 1220 578 1296 instruere,
595 1220 649 1304 qui
672 1219 712 1283 de
734 1219 864 1301 fastigio
886 1220 1024 1283 Romani
1045 1217 1170 1301 imperii
1193 1217 1235 1278 ob

285 1321 431 1384 ecclesian
449 1324 726 1406 persequutionem
748 1323 783 1385 in
805 1332 1022 1407 paupertatem
1045 1329 1078 1384 et
1098 1318 1234 1401 ignomi-

284 1420 370 1483 niam
384 1423 490 1501 miser,
505 1423 562 1486 sed
581 1423 661 1485 nulli
683 1424 872 1487 miserabilis
896 1423 1023 1497 corruit,
1039 1422 1078 1486 ad
1102 1420 1235 1503 gloriam

285 1521 364 1604 ejuS,
391 1524 447 1607 qui
472 1525 559 1586 solus
586 1546 644 1608 pro
672 1525 802 1588 arbitrio
829 1547 887 1587 suo
918 1547 1016 1606 regua
1041 1536 1073 1588 et
1101 1522 1235 1606 imperia

284 1624 441 1703 transfert,
457 1627 548 1707 erigit
570 1648 648 1710 quas
669 1629 737 1690 vult
758 1639 790 1690 et
813 1626 922 1711 dejicit
943 1636 1125 1710 potestates.
1172 1624 1232 1686 Ille

285 1745 360 1788 suos
383 1726 495 1809 punire
512 1730 624 1805 noluit,
639 1730 693 1813 qui
716 1750 790 1792 eum
812 1726 1068 1811 depravaverant,
1084 1725 1233 1790 consilia-

283 1826 365 1903 rios:
390 1828 446 1890 sed
458 1829 490 1891 in
502 1830 574 1893 illos
591 1830 709 1911 digitus
721 1827 784 1893 Dei
800 1830 970 1912 gloriosam
983 1830 1126 1892 exercuit
1137 1827 1230 1890 ultio-

284 1948 367 1991 nem.
405 1931 569 2016 Numquid
585 1953 641 1996 rex
655 1933 780 2015 Angliae
796 1934 927 1996 ultimus
940 1932 1138 2015 poeuitentiae
1148 1929 1232 1993 fruc·

284 2038 336 2094 tus
362 2034 472 2096 offeret
496 2035 570 2097 Deo
599 2035 656 2119 qui
682 2056 754 2097 eum
785 2056 850 2118 prae
876 2034 1002 2097 caeteris
1031 2031 1232 2116 principibus

283 2133 486 2198 sublimavit?
517 2135 788 2218 Archiepiscopus
810 2135 914 2198 sancti
934 2133 1061 2206 Jacobi,
1081 2130 1137 2194 diu
1158 2151 1231 2214 pro·

284 2234 431 2318 scriptus,
450 2236 521 2320 jam
544 2239 676 2300 amulto
699 2246 841 2319 tempore
863 2245 1031 2299 revocatus
1046 2243 1094 2297 est
1118 2255 1138 2297 a
1160 2253 1232 2314 rege

285 2358 352 2399 sno.
390 2339 465 2400 Rex
479 2340 645 2401 Danorum
661 2361 752 2402 sunm
767 2359 920 2403 revocans
935 2338 1071 2401 consilio
1085 2336 1154 2421 ejus
1168 2337 1233 2417 agit

284 2439 403 2517 omnia,
423 2441 600 2523 compescit
621 2441 778 2519 inimicos,
793 2451 826 2504 et
847 2462 921 2503 eum
944 2439 1021 2503 colit
1043 2449 1077 2502 ut
1100 2450 1231 2521 patrem.

285 2538 510 2620 Lugdunensis
539 2560 629 2604 suam
662 2539 786 2622 recepit
819 2540 940 2619 sedem,
968 2550 1001 2604 et
1036 2538 1231 2623 provinciam

284 2640 449 2704 catholicae
461 2640 599 2704 reddidit
610 2641 733 2705 unitati.
772 2644 878 2706 Urbes
890 2643 992 2705 ltalia>
1003 2641 1113 2726 ejectis
1124 2661 1231 2704 coram

284 2741 454 2806 Frederico
476 2742 701 2821 schismaticis,
716 2744 892 2808 catholicos
914 2743 1083 2826 episcopos
1104 2761 1232 2824 recepe·

280 2856 362 2907 runt.
416 2846 490 2909 Deo
515 2855 595 2909 teste
620 2846 682 2909 nisi
712 2845 860 2909 dominus
887 2867 946 2909 rex
972 2866 1066 2909 suum
1091 2851 1231 2920 revocet,

279 2944 367 3029 quod
392 2946 432 3009 de
458 2947 513 3010 illo
539 2948 646 3026 timeo,
673 2947 780 3012 dicere
806 2946 986 3011 reformido.
1031 2947 1076 3009 Et
1102 2945 1230 3008 sicum

281 3048 488 3123 revocaverit,
500 3060 532 3112 et
543 3050 688 3113 ecclesiae
702 3051 765 3113 Dei
778 3048 951 3113 reddiderit
961 3069 1086 3133 pacem,
1099 3048 1229 3113 confido

282 3169 338 3230 spe
352 3147 438 3211 haud
453 3148 563 3224 dubia,
579 3150 666 3234 quod
681 3152 767 3215 circa
781 3172 853 3216 eum
876 3161 910 3217 et
931 3173 1005 3215 suos
1027 3152 1229 3235 antiquorum

282 3248 383 3329 gratia
397 3270 604 3314 successuum
618 3252 767 3334 precibus
781 3253 925 3317 ecclesian
936 3253 1103 3316 reflorebit.
1142 3251 1229 3325 Quid

282 3348 402 3414 multa?
434 3371 497 3415 una
512 3352 563 3416 via
578 3361 667 3436 patet
682 3353 818 3434 consilii,
832 3365 868 3418 ut
889 3375 1003 3438 pravos
1026 3366 1058 3418 et
1079 3354 1227 3421 inimicos

280 3454 425 3516 ecclesiae
441 3442 593 3518 excludat
604 3456 812 3535 consiliarios
823 3468 855 3520 et
866 3457 975 3519 Deum
986 3477 1082 3539 quem
1094 3454 1229 3518 offendit

279 3556 406 3636 placare
428 3554 563 3633 studeat,
585 3577 650 3640 quo
672 3557 773 3619 invito
796 3577 928 3639 regnare
948 3576 1013 3618 non
1036 3564 1228 3640 potestant

278 3655 410 3719 feliciter
423 3657 614 3739 principari:
646 3659 796 3723 sustinuit
810 3680 883 3722 eum
898 3658 1053 3721 hactenus
1068 3658 1102 3718 in
1127 3656 1228 3717 multa

276 3758 438 3839 patientia,
453 3757 520 3838 sed,
535 3759 596 3822 nisi
618 3774 738 3839 careat,
754 3760 905 3825 adversus
927 3757 1223 3822 immoderationem

279 3856 346 3939 ejus
361 3870 396 3920 ut
411 3858 588 3941 parturiens
602 3860 748 3942 loquetur
763 3861 796 3924 in
811 3860 909 3923 brevi.
