3034 5200
286 737 395 816 llud]
669 751 847 796 amasonia.
1215 734 1235 790 3
1344 752 1348 759 ·

279 917 489 971 contraxerat.
536 905 601 970 Sed
627 918 660 970 et
681 904 899 978 coloniensis,
925 923 1023 986 quum
1048 899 1232 966 convocatis

282 1007 435 1071 militibus
457 1008 624 1072 accinctus
646 1014 732 1070 esset
753 1006 793 1070 ad
815 1005 955 1069 eundum
977 1005 1011 1066 in
1034 1004 1171 1080 Italiam,
1185 1022 1232 1065 ar·

279 1120 387 1192 reptus
409 1119 458 1172 est
484 1109 606 1194 duplici
632 1109 780 1185 tertiana,
804 1119 837 1172 et
866 1129 904 1172 ea
928 1107 1009 1171 adeo
1038 1108 1173 1182 laborat,
1199 1117 1234 1168 nt

279 1210 373 1293 quasi
394 1222 516 1274 certum
537 1211 579 1273 sit
601 1229 673 1273 enm
696 1218 771 1273 ante
797 1210 944 1292 hyemem
971 1210 1016 1272 ire
1039 1229 1105 1270 non
1125 1227 1231 1289 posse.

279 1311 430 1375 Promisit
443 1322 548 1375 autern
572 1311 650 1374 mibi
673 1311 707 1372 in
730 1312 791 1375 hac
815 1310 1002 1391 aegritudine
1017 1330 1086 1387 sua,
1101 1307 1190 1393 qnod
1205 1306 1233 1370 si

278 1411 349 1496 ipse
367 1413 402 1475 in
422 1414 549 1476 Italiam
570 1434 635 1475 non
655 1412 759 1490 iverit,
774 1413 838 1475 sive
861 1412 1034 1496 imperator
1051 1410 1144 1472 iverit
1165 1408 1232 1471 sive

280 1534 358 1593 non,
376 1514 512 1579 consilio
534 1513 801 1591 cistertiensium,
823 1524 856 1576 et
877 1514 961 1594 regis
983 1514 1186 1587 Francorum,
1201 1522 1233 1572 et

282 1626 385 1679 vestro
396 1637 431 1680 se
443 1617 618 1680 committet
633 1616 674 1679 de
689 1613 837 1679 facienda
851 1635 933 1698 pace
949 1636 1022 1677 curn
1037 1635 1123 1698 papa
1132 1614 1230 1675 Alex·

283 1716 393 1781 andro.
437 1719 483 1782 Et
504 1719 550 1782 ita
575 1719 726 1802 proponit
752 1719 908 1794 ordinare,
932 1728 967 1781 ut
996 1715 1233 1802 quodammodo

282 1830 414 1900 cogatur
428 1841 447 1884 a
462 1821 546 1883 clero
568 1841 627 1882 suo
648 1818 682 1882 id
697 1819 813 1883 iacere.
860 1816 951 1882 lstud
973 1817 1008 1879 in
1029 1817 1232 1881 confessione

182 1982 184 1986 ,
282 1919 374 1983 vobis
388 1920 505 1998 scribo,
516 1920 601 1983 sicut
615 1921 695 2003 patri
711 1931 743 1983 ct
757 1918 898 1994 domino,
907 1928 945 1982 ut
959 1919 1000 1983 sit
1010 1917 1234 1982 absconditum

282 2041 382 2104 penes
396 2044 464 2100 vos,
486 2021 590 2085 donec
607 2020 782 2096 videamus,
806 2022 833 2084 si
854 2042 905 2084 res
925 2021 1065 2104 aliquem
1086 2019 1235 2083 habitura

285 2123 327 2187 sit
340 2125 499 2188 effectum.
546 2124 581 2187 si
596 2146 615 2186 a
629 2124 748 2188 debitis
764 2125 844 2188 meis
858 2124 946 2187 suero
961 2125 1124 2201 liberatus,
1138 2121 1234 2185 etiam

284 2246 350 2288 non
365 2237 495 2290 vocatus
511 2247 530 2290 a
545 2225 638 2290 vobis
659 2226 779 2290 redibo.
824 2225 938 2289 Medio
960 2237 1067 2290 tamen
1082 2235 1235 2307 tempore,

285 2326 313 2389 si
324 2326 416 2391 vobis
430 2328 463 2389 in
479 2328 588 2412 aliquo
603 2349 655 2390 me
670 2328 860 2392 intellexero
875 2327 1099 2404 necessarium,
1112 2346 1235 2408 semper

282 2428 325 2491 ad
339 2428 537 2492 redeundum
553 2439 682 2512 paratus
697 2451 764 2493 ero.
808 2431 931 2495 Valete.

296 2740 518 2805 EPISTOLA
541 2739 772 2806 cxcii-un
787 2758 867 2802 use.
884 2757 1023 2802 annuns.
1040 2756 1220 2801 nnxovrsn-

596 2861 673 2907 sun.
699 2840 790 2926 [an.
808 2841 918 2921 noa]

284 3007 430 3070 Joarraea
452 3005 707 3069 Sorerberieosia
730 3003 891 3083 Mopiatro
905 3004 1081 3087 Radulplro
1102 3004 1236 3066 [exou-

723 3107 804 3168 enai.

327 3240 467 3301 ernlun
490 3250 554 3304 tnae
576 3240 655 3304 mibi
674 3242 927 3306 consolationem
950 3252 982 3304 et
1004 3241 1235 3304 desolationem

283 3341 400 3424 pariter
419 3342 602 3420 attulerunt,
624 3343 687 3405 nisi
709 3342 750 3406 ad
777 3363 850 3406 eum
874 3363 1037 3406 recurrens
1058 3343 1236 3419 meditatio,

283 3442 415 3526 quinos
434 3444 466 3506 in
483 3444 571 3507 omni
592 3445 797 3509 tribulatione
818 3446 1011 3519 consolatur,
1028 3444 1236 3507 desolationis

283 3548 412 3609 aculeos
427 3546 578 3610 facillime
601 3558 633 3611 et
648 3547 801 3611 citissime
825 3547 1008 3631 depulisset.
1046 3548 1117 3609 Nos
1139 3547 1236 3623 enim,

286 3647 359 3711 Deo
367 3648 571 3732 propitiante,
579 3649 806 3729 navigamusin
816 3659 921 3732 portu,
929 3658 962 3712 et
971 3649 1026 3733 qni
1036 3649 1237 3732 sperantibus

284 3750 318 3812 in
334 3772 367 3813 se
383 3749 494 3813 deesse
514 3772 579 3813 non
598 3752 696 3828 novit,
712 3772 809 3834 snpra
830 3758 863 3813 et
877 3762 988 3815 contra
1010 3748 1122 3814 merita
1143 3753 1236 3816 nobis

283 3852 323 3915 ad
346 3852 580 3929 sufficientiam,
595 3863 628 3916 et
650 3853 735 3936 quod
758 3852 826 3915 sine
850 3853 959 3916 Divini
981 3852 1103 3917 Judicii
1125 3853 1236 3916 timore

284 3975 349 4017 non
374 3956 516 4038 eloquor,
530 3956 711 4019 necessaria
730 3956 888 4019 ministrat
902 3956 943 4019 ad
964 3957 1106 4039 gloriam.
1152 3958 1235 4018 Nam

283 4076 417 4134 reversa,
432 4058 458 4120 si
475 4059 587 4121 merita
602 4057 824 4134 discutiantur,
836 4058 961 4141 indigni
976 4080 1097 4133 sumus,
1107 4056 1164 4141 qui
1178 4077 1236 4138 pro

278 4157 403 4242 justitia
423 4159 592 4241 patiamur,
613 4159 690 4243 qnia
712 4161 823 4225 talium
846 4172 905 4236 est,
927 4172 963 4225 ut
985 4161 1083 4237 nosti,
1103 4179 1236 4240 regnum

283 4262 447 4335 caelorum,
464 4262 551 4346 quod
570 4283 629 4324 nos
650 4263 758 4327 multis
772 4244 807 4327 'et
825 4265 949 4346 magnis
969 4258 1112 4346 peccatis
1131 4259 1238 4325 deme-

285 4357 398 4433 ruisse,
414 4362 474 4424 etsi
494 4360 634 4423 mundns
656 4361 747 4424 aliter
770 4364 897 4436 sentiat,
913 4364 1003 4423 Deus
1024 4361 1116 4424 testis
1138 4377 1187 4427 est
1207 4375 1240 4427 et

734 4479 755 4522 n
775 4469 795 4525 2
