3034 5200
312 734 376 793 264
581 745 716 790 cosmus
732 743 1004 790 saansaamansrs
1171 729 1217 803 [n.
1236 748 1270 791 n.

314 895 404 962 Absit
429 909 465 958 ut
482 898 597 960 veritas
619 893 717 959 fallax
739 894 781 958 sit
803 894 834 957 in
858 893 1030 978 promissis,
1077 891 1213 976 Legitur
1234 896 1272 959 iu

315 996 455 1061 Actibus
471 996 700 1081 Apostolorum
716 995 805 1081 quod
821 995 948 1080 quidam
962 995 1104 1058 nondum
1116 995 1273 1080 baptisati

316 1098 395 1162 citra
425 1098 646 1162 auctoritatem
682 1101 897 1184 apostolorum
938 1096 1093 1181 Spiritum
1123 1111 1270 1162 sanctum

314 1209 522 1282 acceperant:-
558 1195 612 1260 sed
643 1195 801 1280 numquid
831 1197 890 1258 hoc
920 1208 1047 1259 senatus
1076 1197 1271 1281 apostolicus

314 1298 510 1363 infirmavit?
542 1297 691 1362 Profecto
717 1298 774 1362 ubi
803 1300 894 1361 Deus
923 1310 1034 1361 auctor
1062 1312 1121 1374 est,
1144 1299 1270 1364 frustra

315 1401 459 1484 superior
473 1400 672 1464 desideratur
685 1399 866 1463 auctoritas.
914 1398 946 1461 Si
962 1398 1034 1483 quis
1046 1413 1154 1464 autern
1169 1400 1270 1486 hujus

315 1502 395 1567 tanti
411 1500 560 1586 martyris
574 1499 708 1586 gloriam
722 1497 869 1563 evacuari
885 1497 1054 1578 desiderat,
1069 1501 1266 1587 quicumque

313 1605 355 1669 sit
369 1604 432 1679 ille,
449 1617 620 1689 antequam
635 1604 663 1666 ei
678 1601 856 1675 credamus,
873 1613 929 1664 aut
944 1601 1064 1686 majora
1078 1615 1134 1666 aut
1150 1603 1263 1668 saltem

313 1707 426 1770 similia
442 1719 600 1792 operetur.
646 1704 797 1789 Alioquin
822 1725 950 1787 peccare
972 1704 1114 1768 creditur
1135 1706 1167 1768 in
1193 1707 1266 1792 Spi-

314 1808 412 1871 ritum
428 1820 572 1873 sanctum
588 1807 681 1891 cujus
695 1804 845 1892 operibus
860 1804 1026 1868 detrahere
1041 1827 1104 1869 non
1117 1821 1254 1873 veretur.

335 2202 553 2267 EPISTOLA
579 2199 834 2262 cocula-so
850 2217 1015 2263 nonarum
1031 2217 1186 2264 Ancurae.
1202 2220 1246 2264 ar

477 2318 570 2364 amos
585 2318 830 2364 naonscausas.
877 2301 925 2381 [A.
934 2320 965 2364 n.
985 2301 1095 2380 ll7l.]

315 2481 462 2560 Rogerus
483 2476 549 2542 Dei
566 2480 682 2559 gratia
701 2477 839 2540 Eborac.
856 2476 1120 2559 Arelapacopas
1140 2485 1172 2541 et
1186 2479 1270 2562 Apo-

356 2579 476 2645 stollcae
489 2580 572 2644 cedia
587 2582 712 2662 legatae
723 2579 1006 2662 omerabib'sratrr'
1020 2580 1065 2643 H.
1081 2579 1147 2643 Dei
1156 2586 1270 2662 gratia

328 2726 330 2729 -
354 2684 509 2747 Dunebm.
525 2682 696 2763 Episcopo,
718 2688 750 2745 ab
772 2682 894 2743 dilectis
903 2682 992 2764 filiis
1013 2681 1055 2744 R.
1078 2682 1222 2763 Decano,
1237 2694 1269 2748 et

360 2785 514 2847 Willelmo
532 2781 625 2848 Cant.
641 2794 673 2846 et
696 2785 844 2845 universo
857 2782 999 2863 capitulo
1013 2782 1150 2845 Eborac.
1165 2786 1268 2847 omni·

355 2885 476 2965 busque
504 2884 682 2947 Canonica'a
709 2888 831 2962 wacta
860 2882 981 2946 Maria
1011 2882 1050 2944 de
1080 2882 1268 2948 Suttewelle

356 2987 524 3067 sanctique
552 2983 691 3069 Wllfrldr‘
715 2984 753 3047 de
778 2985 912 3065 Ilipam,
934 2986 1103 3065 sanctique
1126 2986 1271 3050 loannis

355 3088 393 3149 da
409 3086 577 3150 Beverler'a
591 3085 777 3159 Abbatibua‚
789 3086 970 3160 Prioribus,
984 3086 1079 3149 Cle-ro
1088 3096 1119 3150 et
1136 3090 1265 3151 univer-

353 3208 387 3250 so
400 3189 521 3269 populo
533 3208 594 3269 per
609 3188 705 3251 Ebor.
717 3188 919 3270 provinciam
932 3189 1116 3251 constitutio
1129 3190 1267 3253 salutem

354 3293 385 3349 et
395 3292 552 3367 gratiam.

355 3424 434 3484 Non
455 3421 582 3504 ignorat
604 3419 733 3483 dilectio
755 3434 860 3485 vestra
882 3433 1003 3507 quanta
1024 3444 1084 3509 pro
1105 3422 1264 3507 dignitate

309 3521 447 3587 ecclesiae
469 3534 589 3585 nostroe
612 3522 670 3585 hac
694 3533 883 3607 tempestate
905 3524 1121 3601 sustinuerim,
1144 3523 1176 3587 in
1199 3546 1266 3610 qua

310 3634 435 3688 tantum
450 3620 579 3685 invidiae
604 3620 748 3685 mandari
772 3621 941 3687 adversum
965 3646 1014 3687 me
1037 3624 1137 3700 licuit,
1155 3628 1263 3689 utrix

309 3725 426 3810 aliquis
452 3724 540 3788 locus
566 3724 691 3789 veritati
718 3724 961 3812 relinqueretur.
1015 3726 1184 3790 Familiare
1213 3740 1262 3791 est

309 3824 455 3889 omnibus
465 3825 595 3908 iniquis,
607 3825 732 3910 quoties
743 3826 880 3890 nancisci
896 3839 1027 3911 possunt
1038 3825 1263 3903 occcasionem,

309 3924 486 3991 maledictis
507 3947 560 3988 eos
582 3925 700 4010 quibus
721 3926 865 3990 invident
888 3927 1023 4003 inurere,
1046 3943 1079 3991 et
1102 3928 1264 3992 venenatis

309 4026 478 4089 verborum
503 4024 620 4109 jaculis
644 4024 741 4109 figere
771 4026 962 4091 innocentes.
1016 4029 1175 4093 Fecerunt
1201 4028 1262 4093 hoc

276 4113 278 4117 ’
308 4128 363 4212 qui
374 4126 567 4212 jampridem
582 4125 732 4190 sederunt
748 4126 825 4189 mihi
840 4131 872 4191 in
887 4127 1019 4192 insidiis.
1065 4130 1109 4192 Et
1128 4127 1259 4214 quidem

306 4228 409 4312 primo
425 4240 614 4312 paraverunt
627 4227 777 4313 laqueum
790 4228 1013 4313 suspensionis,
1026 4251 1094 4314 quo
1109 4228 1259 4295 domiuus

306 4350 389 4414 papa
405 4328 478 4413 plus
493 4350 602 4391 eorum
618 4327 712 4391 falsas
727 4328 946 4413 suggestiones
962 4353 1060 4413 quam
1079 4330 1164 4416 vjuris
1179 4330 1263 4396 ordi·
