3034 5200
333 817 397 876 920
600 827 734 872 scaurus
751 822 1022 871 sanusnnmuums
1188 808 1234 882 [Α.
1252 825 1285 869 n.

332 979 395 1042 illis
421 979 522 1041 forma
548 977 734 1062 praescripta
755 989 802 1040 est
825 975 918 1059 cujus
942 975 1019 1036 fines
1045 972 1196 1035 excedere
1220 996 1281 1036 non

331 1079 508 1154 audebunt,
525 1078 599 1164 quia
621 1078 737 1142 adhoc
755 1079 939 1162 juramento
961 1073 1074 1137 arctati
1096 1089 1182 1151 sunt,
1204 1074 1283 1138 adeo

331 1180 459 1265 quidem
481 1194 518 1244 ut
537 1179 621 1265 jussi
638 1181 712 1256 siut,
728 1178 788 1242 nisi
803 1201 881 1263 pace
896 1177 1077 1250 reformata,
1093 1175 1125 1238 in
1143 1188 1246 1240 totum
1262 1202 1282 1243 a

329 1282 413 1366 regis
439 1282 623 1345 muneribus
650 1281 819 1355 abstinere,
847 1291 883 1342 ut
910 1301 967 1340 uec
996 1288 1144 1362 sumptus
1172 1279 1213 1341 ab
1242 1303 1280 1342 eo

329 1385 468 1466 recipere
492 1381 729 1467 permittantur.
777 1380 970 1464 Loquautur
995 1377 1048 1441 alii
1075 1378 1162 1462 quod
1189 1379 1279 1442 volu-

328 1483 422 1562 erint,
435 1481 514 1546 mihi
529 1505 600 1567 spes
615 1481 740 1545 iuterim
766 1480 852 1565 pacis
868 1481 967 1565 major
991 1493 1050 1552 est,
1066 1502 1161 1564 quam
1185 1493 1278 1545 antea

327 1582 434 1649 fuerit.
480 1585 562 1647 Nam
579 1597 611 1647 et
626 1583 657 1646 iu
674 1582 792 1646 morbis
811 1605 867 1667 per
890 1595 1060 1663 augmenta
1074 1581 1219 1646 dolorum
1235 1583 1276 1646 ad

326 1706 485 1748 summum
513 1684 699 1747 veniendum
726 1696 785 1757 est,
812 1694 848 1746 ut
873 1680 1082 1746 invalescente
1108 1698 1221 1748 natura
1245 1699 1277 1749 et

326 1784 479 1850 defaecata
493 1787 696 1870 corruptione
714 1783 799 1846 salus
822 1795 854 1846 et
877 1782 1077 1848 incolumitas
1102 1798 1276 1870 reparetur.

325 1887 371 1948 Et
387 1886 458 1949 licet
473 1885 574 1971 aliqui
589 1884 766 1969 glorientur
782 1907 814 1947 se
830 1907 848 1946 a
863 1884 993 1948 domino
1010 1907 1093 1970 papa
1103 1886 1277 1965 absolutos,

324 1999 411 2049 certo
439 1989 557 2049 certius
587 1985 627 2049 sit
662 1985 749 2070 quod
786 1985 942 2049 neminem
972 2009 1081 2049 eorum
1117 1987 1272 2051 absolvit:

324 2086 444 2172 quippe
456 2086 596 2150 nondum
610 2085 724 2170 ligatos
734 2097 878 2162 noverat,
889 2086 944 2150 sed
956 2109 1057 2171 quum
1069 2088 1272 2173 postmodum

322 2185 545 2249 itinerantibus
570 2185 771 2261 innotuisset,
794 2186 875 2248 hanc
901 2186 941 2250 de
966 2208 1032 2270 qua
1056 2208 1140 2248 nunc
1165 2185 1273 2270 agitur

322 2283 418 2349 latam
449 2309 515 2349 esse
545 2286 744 2363 sententiam,
775 2286 925 2350 remissus
953 2297 1001 2350 est
1030 2286 1071 2349 ad
1106 2286 1271 2350 dominum

321 2408 436 2472 papam
468 2387 664 2473 Radulphus
691 2387 861 2453 archidiac.
889 2387 1107 2452 Landavensis
1133 2401 1168 2453 ut
1197 2412 1271 2452 eum

321 2486 502 2552 sollicitaret
523 2492 814 2552 excommunicatos
835 2488 1015 2554 absolvere:
1044 2488 1099 2552 sed
1122 2512 1184 2552 non
1206 2511 1272 2554 cre-

320 2588 408 2654 ditur
434 2590 662 2657 exaudiendus.
701 2591 797 2668 Nam,
821 2604 857 2656 ut
879 2604 995 2656 caetera
1016 2603 1149 2672 taceam,
1171 2615 1203 2654 se
1224 2590 1271 2655 illi

319 2691 466 2757 dominns
490 2692 666 2758 Meldensis
680 2692 870 2757 auctoritate
887 2695 987 2778 major
1009 2705 1041 2757 et
1058 2693 1134 2777 jure
1156 2693 1269 2779 potior,

318 2791 441 2856 viribus
456 2793 531 2857 totis
545 2806 695 2878 opponet.
733 2791 897 2855 Audietur
912 2806 1018 2855 autem
1034 2794 1068 2854 iu
1084 2794 1183 2872 brevi,
1199 2798 1270 2857 Deo

317 2896 468 2981 propitio,
492 2894 570 2981 qnid
598 2917 673 2980 pars
698 2894 853 2958 alterutra
880 2893 929 2955 vel
958 2907 1094 2976 utraque
1123 2894 1267 2977 proficiat

317 3018 420 3082 neque
436 2997 634 3072 nunciorum,
652 2995 707 3080 qui
719 2995 788 3080 jam
804 3016 862 3079 usq
869 3017 908 3056 ue
924 2992 1181 3058 Autissiodorum
1197 3018 1267 3080 per-

316 3112 482 3178 venerunt,
511 3098 567 3162 diu
602 3108 753 3183 poterunt
788 3117 901 3159 arcana
936 3095 1043 3159 latere.
1104 3096 1267 3182 Siquidem

315 3199 519 3281 profectionis
537 3199 652 3275 exitus,
668 3222 705 3262 eo
727 3198 816 3284 quod
834 3195 901 3279 jam
918 3198 984 3261 fere
1006 3211 1202 3263 accesserunt
1225 3200 1266 3263 ad

314 3296 386 3359 illos
402 3320 537 3381 quorum
553 3300 714 3382 negotium
730 3301 856 3384 geritur
870 3300 902 3362 in
921 3299 1030 3385 januis
1044 3313 1101 3365 est.
1146 3304 1212 3366 Res
1233 3302 1265 3363 in

315 3417 466 3479 suspenso
480 3399 535 3460 diu
552 3421 695 3461 essenon
712 3404 839 3483 poterit.

357 3497 403 3558 Et
424 3496 499 3580 quia
520 3519 579 3580 pro
595 3509 662 3571 tuo,
678 3511 710 3560 et
735 3501 809 3582 quia
824 3515 899 3564 tuus
921 3514 981 3575 est,
998 3503 1171 3564 Exoniensi
1195 3524 1264 3564 meo

313 3596 500 3672 sollicitaris,
521 3595 646 3658 interim
670 3599 773 3681 probo
795 3598 883 3681 quod
906 3600 992 3672 fecit,
1017 3602 1206 3664 subtrahens
1230 3624 1263 3665 se

291 3700 352 3763 ¹ab
386 3697 734 3762 excommunicatorum
771 3698 1027 3785 participatione.
1089 3702 1263 3765 indubium

311 3801 393 3865 euim
409 3814 456 3865 est
470 3801 550 3887 quin
566 3824 585 3865 a
602 3800 751 3865 fidelibus
774 3801 854 3867 tales
875 3815 1021 3887 oporteat
1044 3801 1168 3878 evitari,
1184 3826 1263 3887 quo-

311 3925 413 3987 usque
438 3904 479 3965 de
505 3902 706 3977 absolutione
726 3903 913 3967 constiterit.
959 3905 1029 3967 Deo
1053 3904 1134 3967 euim
1162 3927 1261 3988 quam

310 4004 493 4067 hominibus
526 4004 648 4068 obediri
685 4005 793 4085 potius
828 4018 964 4090 oportet.
1025 4005 1119 4082 Quod
1155 4017 1261 4069 tamen

310 4106 491 4191 saepissime,
517 4105 691 4189 praesertim
718 4105 749 4167 in
779 4106 907 4182 talibus,
933 4106 1000 4169 sine
1030 4106 1171 4191 periculo
1197 4130 1260 4171 uon
1350 4160 1353 4163 .

309 4208 484 4293 contingit:
516 4229 554 4270 eo
576 4207 662 4291 quod
678 4228 736 4291 per
754 4207 871 4271 multas
887 4207 1107 4272 tribulationes
1121 4210 1262 4275 intratur

307 4308 340 4369 in
356 4331 489 4391 regnum
510 4309 580 4374 Dei.
628 4308 709 4371 Haec
732 4322 794 4387 est,
809 4307 924 4372 dilecte
946 4309 1001 4385 mi,
1017 4311 1068 4372 via
1086 4310 1262 4394 justorum,

308 4406 375 4469 lraec
390 4407 539 4492 purgatio
551 4408 715 4486 vitiorum,
730 4409 886 4473 virtutum
899 4407 1133 4487 conflatorium,
1146 4411 1261 4477 electos
