3034 5200
283 691 390 770 ltus]
657 705 834 748 arrsrona.
1173 688 1232 746 187

277 856 456 942 impetretis
471 879 490 919 a
506 855 655 930 Domino,
676 868 712 918 ut
735 854 834 918 nostri
857 854 1036 916 meminerit
1050 852 1082 915 in
1099 853 1229 916 honum.

281 963 363 1022 Nam
389 959 445 1044 qui
465 959 554 1022 novit
577 957 765 1041 figmentum
788 977 880 1019 suum
905 977 971 1033 nos,
990 954 1047 1018 scit
1071 952 1149 1038 quid
1172 957 1231 1038 fig·

233 1074 235 1081 '
281 1073 387 1125 mento
412 1060 572 1146 expediat,
598 1060 657 1122 hoc
687 1072 734 1122 est
767 1059 894 1121 unicum
922 1057 1007 1143 quod
1034 1055 1233 1141 postulamus

281 1160 504 1224 denuntiantes
523 1160 555 1222 in
571 1159 702 1223 caritate
722 1182 797 1243 quae
813 1160 904 1220 Deus
920 1168 978 1232 est,
995 1179 1034 1218 ue
1054 1156 1095 1219 de
1110 1168 1232 1241 tempo·

282 1261 401 1325 ralibus
415 1262 529 1325 vestris
544 1261 593 1324 vel
609 1260 753 1345 cogitetis
769 1258 861 1322 nobis
875 1258 957 1321 ferre
972 1256 1158 1322 subsidium.
1183 1260 1233 1322 Sit

281 1385 409 1448 quoque
425 1363 515 1426 vobis
538 1361 678 1425 ecclesiae
700 1384 795 1425 causa
816 1373 849 1423 et
871 1359 991 1423 domini
1011 1358 1231 1424 Cautuariens.

281 1463 445 1549 operosius
457 1463 688 1540 commendata,
699 1463 776 1547 quia
790 1463 857 1548 ipse
866 1485 925 1547 pro
936 1460 1084 1526 libertate
1095 1460 1233 1524 ecclesiae

282 1564 447 1645 dimicans,
459 1563 770 1650 stipendiispropriis
785 1577 815 1627 et
834 1563 1152 1641 laboribus,omnium
1170 1585 1233 1626 ser-

283 1665 327 1728 vit
347 1664 486 1730 utilitati.

371 1957 593 2020 EPISTOLA
616 1956 918 2021 CCLXXIX.-au
931 1975 1088 2020 roanuan
1106 1975 1147 2018 na

537 2079 727 2123 rinsaanra.
759 2062 978 2136 [s.n.1168.]

536 2227 619 2288 Idem
633 2226 747 2287 Joanm'
761 2227 797 2286 de
816 2225 974 2289 illaberis.

329 2367 459 2428 Aunrra
482 2359 616 2423 sanitate
639 2370 694 2421 tua
716 2369 748 2422 et
771 2359 869 2423 verbo
891 2358 999 2424 salutis
1021 2381 1085 2446 quo
1107 2382 1159 2424 me
1182 2371 1237 2425 tua

284 2462 412 2526 dilectio
442 2459 565 2525 censuit
590 2460 822 2536 honorandum,
847 2461 972 2545 gavisus
1001 2483 1071 2526 sum
1100 2462 1236 2526 medita·

284 2566 371 2632 tione
388 2586 530 2630 reversus
544 2564 577 2627 in
597 2574 742 2649 tempora
764 2564 895 2629 meliora
913 2565 1029 2652 quibus
1044 2579 1078 2630 et
1094 2564 1238 2631 Ecclesia

170 2665 173 2669 “
287 2668 351 2731 Dei
367 2690 445 2753 pace
460 2667 579 2746 debita,
595 2678 628 2730 et
642 2689 699 2730 nos
713 2668 773 2731 sub
788 2666 909 2752 optimo
931 2667 1072 2732 Domino
1087 2668 1236 2731 societate

284 2771 462 2856 gratissima
485 2769 716 2854 gaudebamus,
741 2770 797 2834 ubi
827 2769 1034 2856 philosophiae
1060 2770 1236 2847 meditatio,

286 2872 431 2937 executio
447 2872 539 2957 juris,
562 2871 736 2936 officiorum
759 2885 872 2937 mutua
893 2872 1150 2950 communicatio,
1173 2871 1238 2936 col·

286 2975 362 3039 latio
377 2974 566 3050 litterarum,
583 2974 771 3059 disceptatio
792 2975 878 3040 utilis
897 2987 931 3040 et
945 2974 1089 3063 jucunda
1103 2974 1237 3039 taedium

286 3075 524 3163 propulsabant,
537 3086 570 3139 et
585 3076 817 3141 contrahebant
830 3099 934 3143 moras
948 3078 1110 3165 temporis,
1121 3090 1157 3143 ut
1171 3078 1238 3143 fere

287 3198 413 3261 semper
435 3177 476 3240 ad
499 3177 623 3261 agenda
644 3177 806 3243 videretur
835 3192 1016 3264 angustum.
1065 3180 1130 3244 Sed
1158 3180 1237 3245 dum

286 3280 346 3343 hoc
361 3280 483 3365 loquor,
494 3280 562 3364 jam
578 3278 657 3342 mihi
666 3279 776 3343 videor
789 3280 906 3347 intueri
916 3284 1055 3347 amicum
1071 3284 1122 3348 cui
1134 3306 1238 3349 sermo

286 3382 441 3466 dirigitur.
503 3381 713 3468 Philosophus
742 3384 828 3449 enim
858 3394 906 3450 est
935 3384 1051 3451 auditis
1079 3386 1238 3472 indignari

286 3485 494 3563 sermonibus,
520 3497 554 3549 et
575 3485 654 3550 mihi
675 3508 715 3550 ex
741 3486 872 3553 caritate
894 3486 1033 3574 compati
1058 3489 1148 3575 quasi
1171 3489 1239 3553 lau-

286 3589 408 3672 guenti‚
424 3590 474 3653 vel
489 3589 618 3669 erranti,
633 3589 684 3654 vel
699 3589 888 3654 alterutrum
903 3589 1075 3655 simulanti.
1121 3590 1238 3653 Timeo

287 3714 425 3777 namque
448 3714 489 3755 ne
513 3714 552 3756 ex
573 3691 807 3776 praeteritorum
830 3692 924 3756 laude
946 3692 1116 3777 praesentia
1129 3692 1238 3758 videar

287 3815 444 3869 accusare,
467 3805 501 3857 et
520 3805 642 3856 amator
664 3794 758 3877 hujus
782 3792 996 3879 prosperitatis
1018 3816 1090 3880 quae
1112 3795 1239 3861 videtur

289 3895 471 3974 adversitas,
494 3906 528 3959 et
548 3917 611 3958 non
635 3904 693 3970 est,
717 3896 835 3960 aculeis
856 3896 1007 3981 superari.
1056 3897 1121 3962 Sed
1145 3898 1171 3962 si
1194 3899 1239 3962 ita

287 4008 378 4077 esset,
394 3998 509 4061 frustra
530 4020 588 4082 per
609 3996 754 4082 spiritum
777 3997 832 4083 qui
856 4010 939 4065 rotas
961 3998 1160 4085 propheticas
1179 4000 1239 4064 sibi

288 4098 422 4162 invicem
440 4100 635 4163 cohaereutes
651 4111 683 4164 et
699 4122 857 4165 connexas
876 4102 942 4185 agit
956 4114 990 4165 et
1003 4102 1097 4184 erigit
1111 4111 1144 4163 et
1158 4102 1240 4165 sistit

289 4220 362 4261 cum
389 4200 535 4265 Patribus
551 4216 584 4266 et
598 4201 670 4267 filiis
694 4202 938 4287 Prophetarum,
956 4201 1131 4267 Chaldeam
1154 4202 1239 4267 Cha·

291 4321 384 4363 naam
401 4302 578 4387 AEgyptum
598 4304 850 4389 perlustrassem,
870 4316 926 4369 aut
947 4325 1163 4390 peragrassem
1183 4306 1240 4371 de-
