3034 5200
286 737 393 817 troz]
644 759 647 762 ⁴
666 749 847 797 narsaeus.
1190 736 1229 795 81

283 926 351 990 prae
373 903 487 968 ceteris
507 900 725 967 conterraneis
748 898 916 984 diligebat
936 910 971 962 et
992 897 1130 963 iortunae
1152 920 1236 963 mee

279 1027 368 1071 casos
391 1003 484 1070 sortis
508 1025 576 1068 snoe
600 1001 771 1066 eventibus
798 999 1074 1064 munumemdoe
1096 999 1233 1066 arbitra-

157 1115 164 1128 ‘
280 1109 384 1174 batur.
424 1107 507 1171 Haec
521 1106 621 1192 ipsius
634 1105 677 1169 ad
690 1125 744 1168 me
759 1102 885 1167 affectio
899 1103 992 1167 nobis
1006 1102 1187 1168 adinvicem
1201 1116 1237 1168 st

282 1211 352 1278 aliis
365 1209 495 1275 interim
509 1209 620 1294 paucis
633 1207 784 1272 innotuit
830 1205 897 1270 Sed
911 1205 973 1270 nisi
985 1227 1062 1272 cum
1076 1205 1142 1271 iata
1155 1228 1238 1292 prar-

283 1335 431 1398 propere,
445 1311 532 1398 quod
552 1332 640 1375 nunc
659 1310 752 1393 luget
769 1306 856 1373 orbis
871 1307 1082 1385 Christianus,
1096 1330 1116 1372 e
1131 1309 1239 1373 medio

283 1413 472 1499 rapuissent,
483 1413 553 1497 jam
566 1411 757 1476 innotuisset
770 1421 806 1474 et
818 1411 952 1477 mundo.
995 1411 1095 1476 Unde
1108 1424 1143 1476 et
1158 1411 1237 1476 mibi

282 1517 324 1580 de
332 1527 441 1580 vestra
448 1513 619 1588 dilectione
630 1534 745 1578 cenaeo
759 1513 860 1578 tutius
870 1527 904 1576 et
914 1512 948 1576 in
961 1512 1090 1577 Christo
1100 1513 1238 1598 amplius

287 1615 557 1703 presumendum,
569 1616 701 1681 credens
714 1615 802 1702 quod
818 1615 903 1680 sicut
911 1637 968 1680 vos
978 1615 1027 1679 vir
1040 1615 1241 1681 beatissimus

291 1738 506 1783 successorem
529 1715 693 1802 praelegit
713 1714 854 1796 bonone,
867 1715 923 1791 ita,
938 1715 1040 1779 immo
1060 1715 1173 1800 magis,
1188 1715 1246 1782 ba·

286 1821 364 1902 bere
380 1819 503 1885 studuit
515 1819 677 1884 haeredem
692 1817 844 1885 caritatis.
889 1817 939 1883 En
952 1840 1031 1902 ergo
1045 1817 1164 1884 {iducis
1177 1841 1243 1906 qua

287 1925 390 2009 ipsum
417 1943 655 2003 consueveram,
675 1920 823 2007 alloquor
842 1932 877 1984 et
896 1942 964 1997 vos,
985 1921 1063 2007 qnia
1087 1922 1170 1986 sicut
1195 1921 1242 1986 illi

286 2026 474 2113 obsequium
489 2047 600 2088 meum
621 2023 719 2110 plena
732 2036 768 2088 et
781 2022 905 2088 sincera
922 2023 1090 2089 affectione
1106 2025 1243 2090 devove-

287 2151 372 2194 ram:
395 2128 489 2192 itaet
503 2128 590 2214 quod
609 2126 643 2191 in
664 2147 718 2190 me
738 2137 921 2211 promptum
937 2137 996 2203 est,
1011 2126 1123 2192 honori
1137 2139 1243 2192 vestro

287 2241 320 2295 et
333 2230 444 2314 glorioe
459 2241 589 2316 paratus
603 2250 674 2293 snm
690 2227 853 2294 inservire.
891 2227 1055 2292 Coeterum
1070 2250 1135 2292 nou
1150 2228 1245 2294 video

289 2356 354 2421 quo
377 2334 475 2398 modo
498 2343 603 2398 vester
631 2343 689 2397 aut
716 2330 863 2396 ecclesiae
891 2331 1048 2398 &mansa
1073 2332 1244 2398 subsistere

289 2435 388 2520 possit
402 2435 513 2510 honor,
528 2446 563 2498 et
576 2433 682 2498 unitas
695 2434 814 2498 servmi
828 2433 968 2518 corporis
984 2433 1113 2512 Christi,
1129 2434 1156 2500 si
1170 2457 1245 2521 per·

289 2556 439 2601 sonarum
454 2533 529 2598 estis
543 2546 726 2620 acceptores
740 2544 775 2598 et
788 2554 972 2617 munerum,
985 2534 1011 2600 si
1026 2535 1116 2602 vobis
1124 2535 1243 2623 judici·

288 2638 349 2703 bus
363 2636 446 2721 perit
465 2636 638 2701 innocens:
668 2645 703 2699 et
716 2634 803 2721 qnod
825 2658 928 2721 nuper
949 2636 1057 2703 Gallia
1077 2638 1147 2703 fieri
1162 2637 1243 2703 vidit

289 2753 321 2806 et
344 2740 457 2815 doluit,
480 2739 687 2826 impoenitens
707 2738 884 2804 absolvitur
903 2737 1110 2805 criminosus:
1142 2740 1244 2805 siec-

288 2843 384 2908 clesia
409 2841 474 2907 Dei
495 2840 662 2927 spolianda
683 2852 717 2906 et
738 2841 957 2907 conculcanda
980 2840 1122 2929 tyrannis
1146 2862 1244 2927 expo·

290 2944 394 3012 nitur:
428 2944 453 3009 si
479 2943 631 3031 iniqnitas
657 2953 772 3029 potens
801 2955 835 3007 et
856 2956 969 3029 patens
995 2944 1030 3009 in
1060 2943 1244 3010 consistorio

290 3059 395 3112 vestro
409 3046 451 3111 de
461 3046 587 3131 justitia
601 3045 772 3110 manifesta
786 3046 974 3133 triumphat:
990 3046 1017 3113 si
1032 3046 1139 3112 clerici
1154 3047 1243 3114 vobis

292 3144 564 3210 consentientibus
585 3154 643 3208 aut
663 3144 934 3212 dissimulantibus
955 3148 1073 3221 dantur
1092 3148 1133 3213 ad
1152 3148 1243 3214 victi·

292 3270 380 3314 mam
395 3247 477 3313 sicut
491 3268 565 3313 oves
578 3247 759 3316 occisionis:
775 3248 801 3314 si
816 3261 978 3336 usurpatae
994 3251 1164 3337 pravitates
1174 3273 1244 3317 ves-

293 3361 346 3415 tro.
364 3348 490 3415 silentio
513 3360 546 3415 et
570 3359 697 3436 torpore
722 3352 950 3417 servandarum
975 3352 1074 3418 robur
1096 3353 1243 3419 obtinent

292 3453 409 3538 legum.
457 3452 529 3519 Hoc
550 3453 637 3520 enim
653 3463 702 3519 est
716 3476 775 3540 pro
793 3476 859 3541 quo
873 3454 1013 3532 exulem,
1030 3467 1064 3519 et
1076 3456 1243 3542 proscripti

292 3568 366 3621 sunt
394 3555 501 3627 miseri
529 3556 775 3623 cantuarienses
800 3557 877 3644 quia
901 3558 1017 3623 mutire
1040 3558 1161 3624 audent
1185 3581 1244 3645 pro

295 3658 449 3724 Ecclesioe
465 3658 631 3726 libertate:
654 3659 731 3745 quia
746 3659 830 3724 sedis
844 3660 1027 3746 spostolicae
1040 3659 1242 3746 privilegium

291 3772 522 3848 protestantur:
545 3765 621 3849 quia
634 3761 857 3828 traditionibus
877 3762 1047 3848 impiorum
1063 3764 1243 3831 anteferen-

293 3863 349 3929 das
359 3863 536 3949 praedicant
546 3876 728 3930 sanctorum
739 3877 866 3951 patrum
876 3866 1043 3931 canonicas
1054 3868 1242 3935 sanctiones.

297 3964 473 4044 Revolvite,
489 3967 515 4031 si
537 3967 652 4052 placet,
671 3966 818 4033 libellum
839 3968 1099 4035 detestandarum
1122 3968 1245 4034 abomi-

294 4071 471 4148 nationum,
495 4080 530 4134 et
550 4070 644 4155 plane
666 4068 815 4135 videbitis
836 4071 922 4156 quod
944 4070 1114 4137 adversarii
1137 4068 1244 4147 nostri,

295 4172 393 4237 immo
408 4183 442 4237 et
455 4172 551 4237 vestri
565 4181 599 4237 et
613 4172 710 4237 totius
724 4170 870 4236 ecclesiae
893 4172 956 4237 Dei
970 4173 1100 4237 dorsum
1115 4189 1247 4234 conver·

296 4284 404 4339 terunt
416 4274 457 4339 ad
473 4274 689 4339 sanctuarium
705 4271 850 4354 Domini,
864 4285 898 4338 et
911 4272 1017 4356 legem
1032 4291 1096 4334 non
1111 4270 1247 4357 propha-

298 4395 385 4457 nare,
413 4376 469 4441 sed
505 4386 648 4440 evertere
683 4374 870 4439 moliuntur.
923 4372 958 4437 Si
987 4369 1049 4437 illis
1077 4373 1248 4442 decernitis
