3034 5200
282 734 390 813 lisa]
665 746 846 794 amsronn.
1172 732 1234 791 197

279 912 385 964 ratum
400 921 506 987 regem
523 900 658 985 supplex
674 897 815 974 accessit,
831 918 875 972 se,
888 896 1013 971 liberos,
1024 906 1135 970 terras,
1148 896 1231 959 vires

278 1012 311 1064 et
328 1000 502 1081 thesauros,
517 1022 688 1085 exponens,
703 999 852 1062 universa
866 995 1000 1060 contulit
1014 998 1047 1059 in
1063 995 1229 1060 arbitrium

278 1102 358 1187 ejuS,
376 1113 411 1166 ut
426 1101 575 1165 omnibus
598 1111 754 1178 uteretur,
776 1098 962 1162 abuteretur
978 1118 1037 1181 pro
1052 1095 1230 1173 voluntate,

279 1203 439 1280 retineret,
466 1203 617 1282 auferret,
640 1201 731 1266 daret
757 1199 877 1285 quibus
902 1210 934 1262 et
956 1197 1113 1284 quantum
1137 1197 1231 1263 vellet

278 1323 337 1386 pro
359 1302 466 1379 libitu,
488 1302 576 1366 nulla
604 1323 735 1385 prorsus
765 1299 882 1363 inserta
904 1297 954 1360 vel
976 1296 1101 1382 adjecta
1122 1298 1231 1362 condi·

205 1475 207 1478 ¹
281 1403 376 1467 tione.
422 1406 565 1467 Serretes
580 1424 710 1487 quoque
731 1400 833 1464 eidem
849 1422 906 1486 per
928 1399 1139 1462 internuntios
1152 1398 1232 1462 obli-

279 1504 423 1588 gationes
448 1516 522 1568 ante
545 1502 748 1589 praestiterat,
774 1501 829 1565 sed
855 1500 944 1564 nulla
969 1522 1080 1564 eorum
1105 1499 1232 1564 occulta

281 1615 340 1682 est,
353 1603 432 1688 quin
450 1614 486 1666 ut
501 1602 659 1666 credimus
672 1601 855 1687 publicetur
872 1600 905 1663 in
920 1601 1020 1666 brevi.
1054 1601 1140 1663 Eum
1156 1623 1232 1685 ergo

281 1703 417 1789 benigne
432 1703 703 1781 mansuetissimus
718 1703 865 1789 princeps
879 1702 1010 1788 recepit,
1032 1705 1102 1766 Deo
1113 1703 1232 1786 gratias

282 1804 430 1880 referens,
440 1809 495 1890 qui
505 1804 605 1888 ipsius
613 1804 753 1867 animum
766 1802 951 1878 emollierat,
964 1813 996 1865 et
1007 1801 1100 1884 eiqui
1112 1801 1232 1865 salubri

283 1904 414 1968 consilio
443 1904 650 1990 adquiescens
685 1903 796 1968 debita
825 1901 1004 1967 humilitate
1032 1901 1171 1964 ecclesiae
1200 1916 1233 1966 et

282 2006 408 2090 populis
434 2006 544 2070 utilem
571 2003 736 2089 quaerebat
764 2025 884 2088 pacem.
930 2002 983 2066 Sic
1003 2002 1036 2065 in
1055 2002 1233 2066 hominium

281 2107 350 2190 ejus
369 2128 513 2169 reversus
528 2116 587 2180 est,
609 2103 673 2167 fide
692 2100 897 2187 corporaliter
915 2102 1070 2187 praestita,
1092 2103 1181 2188 quod
1203 2105 1233 2168 ei

282 2221 432 2292 tanquam
444 2204 584 2280 domino,
600 2207 652 2268 cui
668 2219 741 2268 ante
756 2225 890 2288 regnum
906 2224 998 2269 suum
1015 2203 1234 2270 hominiumet

281 2308 465 2373 fidelitatem
488 2307 617 2386 fecerat,
638 2305 734 2370 iidem
756 2305 895 2370 servabit
913 2316 1024 2369 contra
1044 2328 1153 2369 omnes
1174 2307 1232 2370 ho-

282 2412 392 2484 mines,
408 2408 501 2493 eique
520 2405 686 2492 praestabit
704 2404 859 2469 auxilium
874 2417 907 2469 et
929 2405 1129 2491 obsequium,
1145 2408 1233 2493 quod

282 2509 351 2592 regi
367 2509 563 2571 Francorum
588 2508 844 2570 Normanuorum
865 2505 933 2569 dux
953 2519 1108 2591 praestare
1127 2507 1232 2574 debet.

283 2609 364 2674 lnde
379 2608 439 2672 sibi
450 2607 579 2671 dextras
591 2618 621 2670 et
634 2605 742 2670 oscula
752 2605 920 2670 dederunt.
944 2607 1164 2692 Restituitque
1175 2633 1233 2675 rex

287 2710 429 2773 Francus
440 2707 727 2794 Anglicossritones
738 2718 771 2771 et
783 2708 944 2785 Pictavos,
956 2720 1086 2793 accepta
1094 2710 1184 2795 prius
1192 2711 1234 2776 ab

283 2833 320 2873 eo
334 2809 481 2874 cautione
496 2808 584 2893 quod
600 2808 643 2872 eis
663 2820 767 2873 castra
781 2820 813 2872 et
836 2820 935 2873 terrae
953 2809 995 2872 ab
1009 2808 1101 2872 initio
1116 2809 1237 2875 dissen-

287 2911 382 2975 sionis
406 2911 507 3000 bujus
536 2910 659 2976 ablatas
687 2908 846 2987 restituet,
874 2931 1049 2995 pacemque
1078 2911 1233 2976 servabit:

286 3010 540 3095 compensatione
572 3009 815 3073 homicidiorum
845 3022 877 3073 et
912 3010 1132 3074 incendiorum
1162 3011 1234 3076 binc
1326 3036 1331 3041 ·

285 3110 358 3173 inde
388 3109 537 3173 admissa.
596 3113 658 3173 Die
687 3130 763 3172 vero
793 3110 937 3192 sequenti
965 3108 1048 3173 filios
1077 3132 1150 3173 suos
1178 3112 1235 3175 ad-

285 3210 380 3274 duxit
395 3210 574 3274 Henricum
589 3221 621 3273 et
637 3209 827 3285 Ricardum,
843 3232 980 3296 quorum
995 3212 1120 3296 primus
1134 3211 1234 3279 homi-

285 3312 373 3375 nium
389 3322 421 3375 et
435 3310 620 3376 fidelitatem
642 3311 716 3376 fecit
737 3312 805 3395 regi
828 3312 1023 3376 Francorum
1044 3313 1085 3376 de
1107 3316 1236 3381 comita-

285 3414 371 3478 tibus
386 3412 609 3495 Andegavensi
622 3425 654 3480 et
669 3413 908 3478 Cenomanensi.
953 3416 1036 3478 Nam
1047 3413 1114 3499 ipse
1128 3440 1184 3482 rex
1203 3417 1234 3482 in

285 3513 424 3578 hominio
435 3514 559 3579 comitis
569 3515 600 3576 T
602 3514 694 3579 heob.
710 3536 769 3599 pro
780 3512 960 3577 Turoneusi
972 3528 1122 3580 remanet.
1145 3518 1236 3581 Alter

284 3640 358 3682 vero
379 3616 523 3703 praestita
552 3616 705 3681 fidelitate
735 3614 879 3691 similiter
908 3627 939 3678 et
970 3614 1110 3677 hominio
1132 3616 1235 3682 Picta-

287 3719 423 3782 viensem
454 3717 571 3803 recepit
593 3718 789 3789 comitatum.
834 3716 946 3800 Hujus
974 3718 1062 3799 pacis
1082 3717 1235 3804 praecipui

285 3819 465 3884 inventores
479 3818 611 3881 fuerunt
627 3839 730 3880 comes
746 3816 873 3880 Theob.
895 3828 928 3879 et
948 3814 1048 3879 frater
1068 3819 1237 3885 Bernadus

286 3918 326 3982 de
337 3919 579 3992 Grandimonte‚
591 3918 649 4002 qui
658 3918 752 4001 primi
764 3940 836 3981 cum
847 3917 1235 4001 regibusconsciifuerunt

287 4030 414 4082 secretae
434 4016 648 4101 obligationis,
671 4016 764 4101 cujus
787 4016 849 4079 feci
871 4017 1017 4104 superius
1033 4018 1236 4083 mentionem.

290 4120 330 4180 In
345 4118 404 4180 hac
419 4128 525 4181 autem
538 4118 691 4182 honorum
703 4116 930 4181 distributione
946 4117 1060 4181 Franci
1071 4139 1168 4201 regno
1180 4139 1238 4181 suo

289 4218 485 4281 arbitrantur
506 4215 680 4300 plurimum
709 4238 777 4279 esse
798 4227 1022 4299 prospectum:
1045 4238 1082 4277 eo
1109 4214 1238 4300 quidem

290 4316 393 4401 magis
414 4314 499 4400 quod
518 4338 592 4379 cum
612 4316 764 4381 acerbiori
780 4314 889 4379 dolore
904 4315 1110 4381 meminerant
1120 4317 1238 4383 Henri-
