3034 5200
327 728 387 787 146
582 739 719 783 scaurus
735 731 1013 782 sanusnanmusrs
1179 721 1226 800 [n.
1246 741 1277 783 n.

325 892 446 959 mundo
468 890 587 977 praebet
606 889 798 975 exemplum.
844 888 944 970 Agite
964 888 1071 964 etiam,
1095 905 1134 952 ut
1156 888 1281 952 Ebura-

325 994 409 1058 censi
438 992 675 1076 archiepiscopo
706 990 924 1076 praecipiatur,
953 1003 1111 1075 quatenus
1139 990 1278 1054 ecclesiae

326 1094 558 1172 Cantuariensi,
584 1115 656 1176 quae
683 1104 730 1156 tot
754 1103 787 1155 et
813 1090 910 1155 tantis
935 1092 1195 1176 oppressionibus
1220 1091 1277 1154 din

325 1192 427 1256 fracta
442 1207 501 1269 est,
516 1192 729 1256 obedientiam
746 1204 777 1255 et
794 1189 1022 1274 subjectionem
1038 1191 1197 1257 exhibeat.

323 1381 545 1444 EPISTOLA
574 1378 861 1443 ccxnvn-in
876 1394 1085 1445 wrnnaauuu
1100 1395 1277 1440 neironem

400 1499 618 1545 supernomen
634 1496 929 1542 campaniensem.
947 1542 949 1546 ,
978 1477 1023 1556 [a.
1040 1498 1072 1542 n.
1090 1479 1199 1558 naa]

327 1622 397 1685 Suo
412 1621 545 1682 Briloru'
566 1621 742 1681 amicorum
762 1636 894 1678 auorum
914 1618 1068 1679 minimus
1086 1619 1277 1696 salutemet

356 1726 363 1735 “
404 1723 467 1784 Der
478 1740 590 1800 gerere
603 1709 771 1781 salubriter
785 1720 953 1800 insutum
965 1721 1202 1800 prescriptum.

366 1831 518 1891 Anninus
542 1826 600 1892 tibi
622 1826 784 1889 molestam
809 1848 951 1890 mearum
974 1849 1040 1889 esse
1062 1826 1274 1912 frequentiam

322 1929 497 2008 literarum,
512 1928 669 1992 calamum
684 1927 740 1992 diu
761 1927 922 2012 suspendi,
937 1929 1204 2014 decreveramque
1226 1954 1276 1994 me

322 2053 387 2094 non
402 2030 486 2094 ultra
501 2051 656 2093 novorum
669 2030 874 2095 relationibus
886 2042 974 2096 tuam
985 2030 1171 2115 perturbare
1187 2033 1276 2116 quie-

322 2149 398 2195 tem.
444 2129 506 2195 Sed
523 2153 625 2217 quum
640 2143 705 2195 tam
721 2155 761 2194 ex
777 2132 929 2196 relatione
945 2132 1073 2196 Osberti
1088 2134 1160 2209 mei,
1176 2155 1273 2218 quam

322 2256 360 2296 ex
386 2232 588 2297 attestatione
610 2233 720 2297 latoris
744 2233 949 2318 praesentium
973 2255 1024 2296 me
1045 2232 1125 2296 falsa
1145 2256 1275 2318 sugges-

321 2335 406 2399 tione
435 2337 686 2400 circumventum
717 2333 816 2399 fuisse
846 2336 1059 2421 cognoverim,
1084 2358 1155 2399 ecce
1184 2349 1275 2401 muto

322 2436 534 2523 propositum,
550 2439 728 2522 scripturus
742 2437 782 2499 de
798 2451 913 2501 caetero
930 2459 1030 2523 quum
1046 2437 1144 2502 suerit
1158 2461 1275 2524 oppor-

320 2549 447 2618 tunum,
463 2562 500 2603 ea
515 2553 620 2604 tamen
636 2538 862 2619 moderatione,
874 2553 911 2605 ut
926 2563 965 2604 ex
980 2540 1161 2626 frequentia
1176 2539 1274 2626 scrip·

319 2640 434 2708 titandi
448 2642 545 2707 nimia
560 2643 713 2708 molestus
727 2664 793 2706 esse
808 2665 871 2705 nou
887 2642 1030 2705 debeam.
1062 2644 1174 2727 Neque
1189 2642 1274 2706 enim

319 2767 369 2808 me
392 2744 548 2809 scribendi
575 2744 738 2808 cacoethes
764 2743 808 2805 sic
833 2741 1036 2827 impatienter
1055 2742 1208 2826 exagitat,
1236 2758 1274 2809 ut

319 2845 474 2908 calamum
488 2868 641 2928 nequeam
656 2842 829 2919 continere,
842 2841 894 2905 sed
910 2842 1052 2924 ingeram
1067 2841 1175 2904 invitis
1187 2847 1272 2907 auri-

318 2946 390 3027 bus,
404 2947 490 3031 qndd
507 2947 693 3012 fastidiosus
708 2944 837 3009 auditor
852 2944 891 3008 de
906 2945 1022 3006 rimoso
1037 2956 1165 3029 pectore
1183 2946 1273 3029 juste

319 3048 498 3129 suspicetur
513 3044 658 3111 effusum.
702 3049 755 3111 Tu
777 3067 863 3120 vero,
878 3056 975 3128 prout
990 3063 1030 3106 ex
1052 3042 1183 3106 caritate
1198 3068 1272 3129 pro·
1300 3037 1306 3043 ’

319 3141 450 3207 deuntia
465 3144 583 3228 scripta
597 3147 764 3231 receperis,
780 3157 837 3210 aut
857 3142 974 3230 stylum
990 3144 1175 3222 refrenabis,
1189 3143 1272 3209 intra

318 3264 399 3326 quos
413 3242 638 3306 moderationis
658 3246 775 3309 limites
790 3246 888 3319 voles,
904 3258 960 3309 aut
978 3245 1052 3308 fidei
1069 3258 1100 3310 et
1123 3245 1270 3310 amicitiae

318 3342 455 3407 stimulis
484 3343 632 3406 affectum
664 3343 826 3427 diligentis
856 3346 951 3408 etiarn
982 3369 1045 3409 non
1076 3346 1209 3410 amantis
1238 3350 1270 3410 in

317 3444 415 3510 verba
429 3468 522 3530 coges
537 3466 709 3529 erumpere.
755 3450 839 3509 Nam
861 3456 979 3509 uttam
999 3470 1184 3535 veroquam
1203 3447 1272 3510 vul-

314 3560 391 3631 gato
407 3545 576 3632 proverbio
601 3545 712 3608 tritum
729 3556 795 3607 est:
821 3547 970 3610 Probatie
984 3550 1172 3629 dilectione,
1187 3550 1272 3613 ealli-

315 3650 392 3712 bitu
406 3658 453 3713 est
467 3652 579 3732 operia.
625 3646 688 3712 Sed
705 3669 817 3711 vereor
832 3670 870 3711 ne
891 3650 1038 3733 praesenti
1054 3651 1173 3735 scripto
1192 3650 1270 3715 mibi

314 3752 478 3833 proveniat
496 3751 583 3837 quod
597 3749 757 3825 cavebam,
770 3749 887 3813 scilicet
899 3772 1021 3814 nevere
1033 3751 1271 3830 dicens,amicis

314 3851 439 3914 aurium
464 3852 675 3917 teneritudine
698 3851 929 3930 laborantibus,
950 3853 1122 3917 eorundem
1141 3854 1270 3936 jactura

314 3953 488 4039 pericliter:

421 4064 492 4115 Nam
505 4060 567 4131 quid
580 4077 643 4131 opus
655 4065 758 4114 teneras
771 4063 882 4115 mordaci
893 4063 984 4115 rodere
995 4062 1061 4115 ferro

422 4148 580 4202 Auriculas?

314 4246 429 4308 Dicam
467 4259 572 4309 tamen
612 4243 699 4328 quod
737 4243 874 4308 debetur
910 4242 1022 4320 officio,
1059 4248 1117 4310 etsi
1156 4247 1267 4314 virtuti

285 4367 289 4371 ·
314 4368 489 4408 successum
521 4366 581 4407 non
613 4358 678 4407 tam
708 4344 839 4407 fortuna
864 4359 1062 4431 praereptura
1088 4348 1139 4428 sit,
1169 4372 1265 4435 quam
