3034 5200
319 686 357 744 14
574 695 709 743 roaums
725 697 1002 743 sannsnunruusrs
1174 683 1219 761 [r.
1235 701 1266 743 n.

312 860 476 932 perstaret
497 872 610 932 rayno,
634 851 808 914 ulmellos
829 857 861 914 et
883 851 1050 932 disperdas
1071 858 1102 914 et
1122 853 1267 934 dissipes,

315 965 346 1018 et
363 955 498 1036 edifices
518 961 549 1018 et
567 954 708 1036 plantes.
754 952 841 1026 Quid
859 974 935 1035 ergo
954 955 1101 1037 peccavit
1120 955 1268 1018 dominus

315 1058 566 1134 Cantuariensis‚
590 1059 617 1121 si
639 1057 824 1140 appellavit,
840 1057 866 1119 si
890 1057 1056 1140 prospexit
1077 1059 1149 1135 sibi,
1170 1059 1196 1121 si
1211 1080 1268 1141 pe·

312 1162 415 1244 percit
440 1161 600 1244 episcopis
629 1180 712 1243 quos
737 1160 905 1240 oportebat
929 1159 1042 1221 iterato
1068 1159 1109 1222 ad
1136 1158 1267 1222 damna·

313 1263 430 1324 tionem
462 1274 494 1325 et
515 1261 725 1344 ignominiam
757 1260 807 1322 sui
833 1281 1001 1344 perperam
1024 1259 1182 1343 judicare,
1212 1271 1267 1324 aut

313 1363 409 1444 regiae
424 1363 654 1446 indignationis
668 1362 870 1424 intolerabile
886 1360 993 1424 subire
1008 1360 1235 1443 dispendium?

358 1463 501 1535 Qualiter
517 1474 624 1526 autern
640 1483 713 1546 pars
733 1461 875 1537 adversa,
890 1481 962 1543 quae
985 1460 1101 1542 etipsa
1123 1462 1266 1544 appella·

314 1565 436 1628 tionem
444 1565 593 1642 instituit,
604 1585 733 1629 causam
749 1574 945 1646 prosequuta
960 1563 1011 1639 sit,
1021 1583 1085 1645 qua
1099 1562 1268 1639 modestia,

314 1688 378 1750 qua
399 1667 580 1730 sinceritate
602 1676 727 1728 versata
748 1666 790 1727 sit
812 1674 844 1727 et
867 1685 942 1726 cum
963 1664 1126 1741 Ecclesia,
1140 1675 1173 1727 et
1193 1685 1265 1727 cum

312 1768 502 1844 adversario,
525 1769 612 1831 novit
634 1769 726 1830 Deus
750 1778 783 1829 et
799 1767 936 1849 judicet,
957 1776 990 1828 et
1012 1765 1104 1829 vobis
1125 1767 1267 1849 ignotum

314 1890 383 1932 esse
409 1889 474 1931 non
500 1877 617 1951 potest.
665 1868 814 1950 Seipsum
840 1869 958 1951 poterit
982 1868 1055 1950 quis
1079 1869 1212 1932 irridere
1237 1881 1269 1932 et

313 1983 422 2034 texere
435 1970 527 2033 dolos
541 1970 724 2033 inanimam
742 1991 850 2034 suam:
872 1971 928 2034 sed
943 1970 1086 2054 prolecto
1097 1970 1188 2034 Deus
1202 1992 1268 2033 nou

316 2073 471 2136 irridetur.
517 2073 691 2135 Biennium
708 2074 778 2157 jam
793 2075 938 2155 elapsum
960 2084 1018 2152 est,
1033 2084 1162 2157 tempus
1180 2073 1269 2138 vide·

314 2175 392 2238 licet
413 2173 499 2258 quod
525 2175 764 2256 appellantibus
791 2177 990 2256 suffragatur,
1012 2195 1116 2259 eoque
1141 2178 1268 2240 evoluto

315 2296 374 2358 pro
398 2287 488 2358 parte
516 2274 636 2339 domini
665 2276 906 2340 Cautuaricnsis
933 2290 981 2341 est
1003 2279 1069 2341 lata
1093 2280 1268 2342 sententia:

315 2377 375 2440 etsi
397 2377 503 2441 adhuc
527 2397 568 2441 ex
592 2378 829 2460 dispensatione
853 2378 1051 2462 quorundam
1066 2402 1170 2443 rerum
1193 2402 1268 2444 exe·

315 2480 401 2543 cutio
422 2468 604 2542 differatur.¹
637 2478 796 2543 Omnibus
811 2491 916 2544 autom
931 2482 1000 2565 jarn
1014 2503 1200 2564 persuasum
1221 2494 1270 2547 est

315 2581 423 2645 Deum
437 2581 624 2646 timentibus
648 2582 734 2666 quod
755 2583 1016 2668 archiepiscopus
1035 2595 1066 2646 et
1082 2585 1130 2648 sui
1152 2585 1271 2669 injuste

315 2682 485 2766 proscripti
499 2692 583 2746 sunt.
613 2684 687 2756 Quo
699 2683 786 2746 enim
796 2682 870 2765 jure
881 2682 1048 2745 confiscati
1064 2695 1139 2746 sunt
1150 2684 1270 2747 reditus

315 2780 528 2849 clericorum?
554 2786 598 2847 Et
614 2806 678 2869 qua
697 2784 921 2866 episcoporum
942 2783 1097 2866 patientia
1111 2786 1269 2850 Ecclesiae

316 2897 348 2950 et
371 2886 455 2952 bona
477 2883 585 2951 altaris
606 2886 727 2952 Christi
747 2885 1024 2967 persequutoribus
1046 2886 1205 2950 Ecclesia
1228 2890 1268 2951 ad

314 2986 440 3049 libitum
462 2986 693 3069 exponuntur?
725 2988 806 3060 Quae
824 2985 948 3071 justitia
969 2987 1158 3072 proscripsit
1176 2990 1268 3053 inno-

316 3099 426 3152 centes
448 3087 517 3151 sine
539 3088 667 3151 delectu
688 3089 896 3172 professionis
913 3102 946 3153 et
968 3089 1098 3170 ordinis,
1113 3094 1217 3157 aetatis
1238 3105 1271 3157 et

316 3189 431 3256 sexus?
456 3189 536 3261 Quis
552 3209 692 3271 uuquam
710 3202 798 3253 tanta
808 3191 1005 3256 immanitate
1017 3193 1162 3259 distraxit
1172 3217 1270 3281 copu-

317 3289 380 3355 lam
403 3288 608 3375 nuptiarum?
639 3291 685 3352 Et
700 3302 806 3354 tamen
821 3293 851 3354 ei
867 3294 923 3376 qui
943 3295 1019 3358 facit
1033 3295 1106 3371 boc,
1122 3298 1163 3359 ab
1185 3300 1269 3380 apis-

316 3394 408 3477 copis
421 3394 615 3457 innocentia
632 3402 665 3457 et
679 3392 814 3478 justitia
832 3396 1049 3461 testimonium
1069 3396 1221 3476 redditur,
1236 3412 1271 3463 ut

314 3493 348 3555 in
364 3512 454 3555 suam
470 3492 692 3556 confusionem
714 3502 746 3556 et
758 3494 937 3576 perniciem
959 3494 1065 3557 dicere
1079 3510 1111 3557 et
1133 3496 1269 3560 scribere

315 3615 380 3657 non
403 3595 600 3672 erubescant,
622 3594 699 3679 quia
720 3616 778 3657 rex
800 3595 928 3659 “dulce
953 3605 1044 3679 putat
1069 3599 1270 3682 obsequium,

315 3713 413 3780 quum
428 3708 576 3760 monetur
591 3706 627 3760 ut
642 3697 790 3779 corrigat,
806 3695 924 3781 siquid
942 3695 1075 3782 deliquit
1089 3699 1122 3761 in
1135 3701 1271 3763 Deum.'’

313 3799 403 3879 Ergo
419 3809 474 3863 aut
487 3819 531 3862 ex
546 3820 654 3863 eorum
670 3797 830 3863 sententia
844 3820 909 3861 uon
925 3799 1094 3884 delinquit,
1107 3812 1162 3864 aut
1176 3802 1205 3863 ei
1222 3801 1271 3862 in-

315 3899 452 3965 fideliter
476 3912 600 3981 gratum
624 3912 657 3965 et
682 3901 829 3965 debitum
854 3896 1044 3984 obsequium
1070 3901 1271 3978 subtrahunt,

315 4011 371 4066 aut
391 4002 499 4085 palam
520 4001 717 4065 mentiuntur
736 3997 772 4063 in
795 4001 902 4083 capita
923 4022 1000 4065 sua:
1029 4002 1104 4085 quia
1125 4024 1161 4065 os
1182 4004 1270 4087 quod

315 4105 468 4170 mentitur
493 4103 615 4167 occidit
639 4103 788 4167 animam.
833 4104 909 4165 Nou
935 4113 984 4166 est
1012 4105 1067 4186 qui
1096 4105 1125 4167 ei
1154 4105 1271 4170 audeat

318 4206 526 4283 denunciare,
541 4203 630 4289 quod
649 4203 782 4288 expedit
802 4203 944 4269 audienti
959 4205 1077 4289 pariter
1095 4219 1126 4271 et
1140 4208 1268 4273 dicenti.

318 4310 391 4372 Nou
418 4308 549 4391 estqui
576 4305 663 4372 dicat
688 4329 763 4373 cum
789 4310 921 4391 Moyse:
952 4308 1089 4373 Dimitte
1110 4315 1270 4394 populum
