3034 5200
287 690 396 770 litu]
662 705 841 752 nersronm.
1179 699 1242 757 9⁶23

287 857 370 920 Nam
387 881 405 922 a
420 857 600 922 fautoribus
622 858 792 944 utriusque
807 858 909 939 partis
931 858 963 921 in
986 858 1117 923 alteram
1140 862 1243 927 multa

281 958 443 1039 dicuntur,
475 973 507 1025 et
542 959 695 1046 quaelibet
735 981 844 1022 earum
881 959 914 1022 in
950 982 1111 1024 assensum
1149 985 1242 1026 suum

284 1082 366 1146 quos
380 1074 488 1148 potest
508 1077 539 1128 et
561 1064 682 1149 quibus
700 1062 804 1126 modis
819 1061 904 1126 valet
924 1075 1059 1126 conatur
1081 1063 1241 1129 iuducere.

285 1163 377 1228 Sedis
398 1165 579 1250 apostolicae
600 1164 737 1251 gratiam
762 1164 912 1249 utrinque
934 1177 1101 1250 quaerunt:
1133 1177 1165 1229 et
1189 1165 1243 1247 (ut

284 1263 431 1349 arbitror)
442 1267 499 1352 qui
510 1289 579 1330 eam
589 1271 693 1331 minus
703 1279 901 1346 meruerunt,
910 1279 967 1330 aut
976 1269 1142 1352 assequuti
1154 1282 1240 1342 sunt,

284 1365 422 1451 amplius
441 1367 620 1451 gloriantur
641 1390 673 1429 se
693 1369 761 1430 voti
781 1379 942 1451 compotes
962 1390 1038 1433 esse.
1083 1368 1240 1433 Jactitaut

284 1487 316 1528 se
331 1467 399 1529 haec
415 1479 445 1531 et
462 1467 516 1530 illa
531 1468 724 1532 obtinuisse:
750 1467 806 1533 sed
822 1472 886 1532 scio
901 1469 988 1554 quod
1004 1468 1048 1532 eis
1063 1470 1240 1554 praesertim

284 1565 317 1628 in
337 1565 387 1630 his
408 1591 482 1654 quae
496 1571 674 1632 contrarius
690 1569 840 1634 videntur
854 1569 970 1650 elicita,
985 1569 1094 1633 nullus
1117 1570 1242 1656 sapiens

282 1666 414 1734 habebit
438 1669 546 1749 fidem,
570 1670 629 1734 nisi
655 1670 774 1755 scripta
803 1669 988 1734 authentica
1013 1683 1045 1734 et
1072 1673 1241 1756 originalia

285 1769 459 1852 proferant.
507 1775 616 1836 Unum
633 1771 697 1834 scio
717 1784 749 1835 et
770 1770 892 1834 mundo
907 1770 1097 1836 reclamante
1113 1772 1240 1838 indubi-

285 1882 390 1934 tanter
404 1882 436 1935 et
452 1871 549 1935 libere
564 1893 680 1951 assero,
695 1871 773 1956 quia
792 1869 849 1955 qui
866 1870 996 1935 Christo
1011 1871 1191 1953 adhaeserit,
1206 1874 1238 1937 in

283 1970 377 2033 finem
401 1995 463 2035 non
486 1971 664 2057 poenitebit.
719 1971 981 2035 Momentaneum
1009 1985 1056 2036 est
1084 1973 1239 2056 gaudium

283 2072 454 2158 impiorum
469 2087 501 2138 et
516 2074 616 2138 instar
636 2076 759 2159 puncti,
774 2072 894 2156 quibus
909 2072 940 2134 in
956 2073 1047 2137 brevi
1063 2073 1148 2137 tinea
1164 2076 1238 2139 sub·

283 2188 442 2238 sternetur
464 2189 496 2239 et
519 2179 752 2261 operimentum
777 2186 871 2238 eruut
895 2196 1036 2237 vermes:
1068 2187 1101 2240 et
1122 2176 1241 2241 electos

284 2297 357 2339 suos
368 2277 583 2341 consolabitur
596 2277 765 2356 Dominus,
778 2298 834 2339 nec
844 2277 986 2361 patietur
997 2289 1034 2341 ut
1050 2299 1103 2341 eos
1117 2278 1238 2365 affligat

282 2376 402 2462 duplex
419 2378 594 2443 tribulatio.
625 2381 740 2442 Pacem
757 2377 942 2441 universalis
955 2377 1094 2443 ecclesiae
1110 2396 1237 2466 sperant

283 2501 402 2554 omnes,
429 2491 460 2543 et
487 2501 555 2543 earn
580 2480 646 2542 lere
674 2479 811 2542 universi
838 2479 1038 2545 desiderant:
1073 2505 1131 2545 nec
1160 2483 1238 2548 alios

283 2578 485 2664 excipiendos
504 2604 570 2643 esse
593 2579 792 2658 crediderim,
807 2579 867 2643 nisi
890 2602 973 2665 quos
995 2580 1148 2646 scelerum
1164 2607 1237 2649 con-

283 2678 412 2744 scientia
427 2693 565 2766 torquet,
581 2682 772 2744 convincens
794 2703 848 2745 eos
869 2680 1007 2767 propriae
1026 2681 1238 2749 damnationis

283 2786 432 2847 meruisse
459 2783 655 2847 sententiam.
708 2784 791 2845 Nam
819 2794 851 2846 et
877 2784 945 2867 ipse
971 2783 1143 2868 imperator
1167 2785 1236 2870 jam

281 2899 479 2969 exaugustus
498 2900 644 2971 patenter
666 2897 819 2970 expertus
841 2898 889 2950 est
912 2886 999 2949 sein
1022 2886 1236 2970 Augustalem

282 3008 343 3049 non
360 3009 450 3071 posse
472 2988 574 3052 redire
595 2988 797 3071 dignitatem,
811 2986 870 3050 nisi
891 3009 1001 3072 pacem
1018 3010 1090 3050 cum
1107 2987 1237 3073 ecclesia

280 3085 402 3163 fecerit,
418 3110 474 3150 nec
490 3087 645 3151 detrectat
663 3088 731 3172 jam
752 3086 989 3151 conditionibus
1004 3091 1107 3173 aequis
1129 3088 1237 3153 foedus

282 3187 362 3250 inire
383 3210 456 3251 cum
480 3188 586 3252 Italis:
618 3188 774 3274 accitique
800 3187 944 3253 consules
970 3190 1234 3258 civitatum'cum

280 3288 404 3351 nunciis
419 3290 486 3374 ejus
501 3287 648 3354 ineundae
663 3293 750 3375 pacis
766 3289 798 3352 in
813 3290 901 3354 curia
916 3290 1034 3357 librant
1048 3306 1080 3357 et
1096 3293 1234 3359 formant

279 3389 442 3470 articuloS,
464 3403 496 3455 et
520 3389 672 3455 valituras
693 3390 726 3453 in
750 3402 913 3477 posterum
939 3408 1134 3479 componunt
1160 3392 1234 3460 cau-

280 3489 389 3555 tiones.
436 3494 547 3579 Hujus
570 3493 615 3556 rei
637 3492 758 3557 exitum
781 3494 985 3579 praestolatur
1008 3494 1154 3561 dominus
1179 3499 1233 3560 Se·

278 3594 435 3673 nonensiS,
446 3595 503 3678 qui
514 3607 618 3657 tamen
630 3592 814 3657 Paschalem
827 3593 1056 3657 solemnitatem
1069 3595 1156 3657 domi
1166 3618 1234 3659 suae

279 3695 420 3759 creditur
444 3708 474 3760 et
503 3708 649 3780 speratur
674 3708 812 3760 acturus.
859 3700 1075 3759 Revertentur
1098 3718 1172 3758 cum
1195 3719 1233 3759 eo

282 3795 347 3859 vita
368 3797 482 3860 comite
506 3800 658 3864 Cautuar.
679 3797 819 3862 ecclesiae
841 3808 1074 3882 procuratores,
1096 3796 1153 3881 qui
1177 3796 1233 3860 do-

278 3898 363 3961 mino
380 3922 437 3961 suo
452 3897 644 3983 scripserunt
665 3898 834 3983 petitiones
856 3919 929 3961 suas
951 3895 1119 3981 benignius
1135 3920 1233 3983 quam

280 4015 483 4083 speraverant
513 4000 690 4077 exauditas,
722 3999 795 4066 licet
826 4000 866 4063 de
900 3998 964 4064 fide
994 4012 1026 4063 et
1056 3998 1233 4063 coustantio

279 4098 398 4162 domini
424 4122 517 4185 papae
547 4100 606 4165 sibi
630 4114 722 4166 autea
750 4101 934 4164 viderentur
961 4122 1030 4163 esse
1056 4097 1232 4163 certissimi.

278 4204 503 4267 Praevenerant
525 4228 578 4268 eos
601 4204 707 4269 nuncii
733 4205 853 4269 domiui
875 4203 970 4288 regis,
995 4203 1111 4289 Regin.
1133 4200 1234 4263 archi-

278 4299 358 4363 diac.
384 4302 539 4368 Saresber.
565 4303 722 4387 Magister
749 4304 821 4368 Ric.
846 4307 956 4379 Barre,
979 4317 1011 4366 et
1039 4301 1122 4367 uad.
1147 4299 1232 4362 Lan-
