3034 5200
291 734 350 796 116
544 750 679 796 somnis
696 752 977 797 sansssurunusrs
1144 737 1188 815 [a.
1206 757 1237 799 u.

343 1012 564 1077 EPISTOLA
588 1014 806 1079 CCXL—so
820 1035 1051 1080 aanuuwmuu
1066 1035 1184 1080 sucur-

432 1132 606 1178 macouuu
623 1134 852 1179 sxoumusrru.
878 1118 923 1197 [A.
936 1136 967 1180 u.
986 1117 1094 1195 llos]

286 1275 429 1338 Jourmes
452 1259 578 1339 Sorech.
602 1276 763 1358 Mapistro
791 1278 981 1340 Baldewiao
1003 1277 1239 1340 Archidiocono

671 1381 862 1444 Eacaieasi.

332 1518 400 1580 Uur
423 1515 463 1580 de
486 1517 576 1581 seriis
598 1517 712 1599 agitur,
734 1539 838 1598 nugas
860 1517 1072 1602 multiplicare
1094 1539 1159 1580 nou
1182 1539 1237 1580 ex·

287 1617 394 1701 pedit:
421 1630 453 1682 et
472 1619 627 1682 indecens
647 1631 696 1682 est
721 1619 931 1697 (medicorum
952 1642 1039 1683 more
1061 1619 1238 1699 fallacium)

286 1740 383 1801 quum
393 1721 568 1782 necessitas
578 1718 664 1781 aliud
674 1719 786 1799 exigit,
795 1720 906 1782 amicis
915 1719 1134 1801 indigentibus
1144 1721 1240 1782 rerba

284 1818 360 1881 dare
375 1839 432 1901 pro
449 1821 553 1880 rebus.
584 1819 679 1880 Nosti
694 1819 818 1900 pridem
834 1820 1043 1882 nominalium
1060 1830 1185 1883 tuorum
1201 1842 1238 1883 eo

287 1919 364 1982 mihi
388 1919 495 1980 minus
516 1920 644 2001 placere
664 1919 852 1981 sententiam
873 1919 958 2002 quod
979 1920 1013 1981 in
1038 1923 1239 1984 sermonibus

285 2033 352 2084 tota
362 2021 539 2084 consistens
549 2019 717 2081 utilitatem
727 2040 830 2081 rerum
841 2041 906 2082 non
916 2022 1238 2104 assumpserit,quum

286 2133 408 2186 rectum
439 2121 636 2203 sapientibus
665 2118 837 2182 indubium
866 2121 908 2182 sit
933 2120 1021 2203 quod
1045 2142 1094 2183 res
1124 2124 1238 2204 quaerit

283 2224 489 2312 philosophia
502 2243 567 2285 non
579 2221 683 2283 verba.
715 2222 763 2284 Ut
777 2242 852 2302 ergo
868 2219 1128 2304 compendiosius
1143 2245 1236 2305 agam

284 2345 389 2396 tecum
413 2347 554 2390 meorum
577 2345 664 2386 more
687 2323 830 2402 realium,
846 2345 887 2387 ex
903 2324 1015 2387 litteris
1038 2345 1110 2408 quae
1125 2335 1235 2388 nostro

285 2432 463 2499 Benedicto
480 2429 609 2492 directae
624 2437 699 2490 suut
721 2427 854 2508 colliges
869 2427 901 2489 in
918 2449 983 2511 quo
998 2428 1125 2491 calculo
1141 2450 1237 2492 causa

286 2534 455 2605 sacerdotii
478 2543 620 2595 versetur
649 2540 682 2593 et
707 2529 808 2612 regni.
858 2529 935 2592 Tibi
958 2552 1032 2593 vero
1058 2529 1237 2613 specialiter

284 2637 487 2709 scribendum
513 2634 635 2713 censui,
660 2633 749 2718 quod
773 2633 898 2696 interim
922 2634 1048 2714 gravius
1071 2634 1237 2695 exulcerat

283 2747 422 2811 animam
447 2762 562 2818 meam,
589 2747 621 2802 et
650 2748 830 2813 cortuum,
856 2746 891 2797 ut
920 2732 1064 2811 arbitror,
1088 2733 1235 2796 acerbius

283 2861 369 2915 uret:
394 2849 421 2913 si
437 2856 541 2910 tamen
558 2862 665 2905 verum
681 2836 832 2922 estquod
847 2836 887 2899 dc
902 2834 1105 2917 Wigomensi
1126 2845 1235 2897 nostro

281 2951 458 3019 inauribus
478 2948 648 3009 multomm
671 2940 846 3021 divulgavit
859 2939 945 3001 sama
964 2937 1129 3001 celebrior.
1174 2936 1234 2998 Di·

283 3061 366 3122 citur
388 3052 473 3115 enim
497 3046 586 3131 quod
609 3042 845 3127 imprudentius
871 3051 903 3104 et
925 3039 1144 3122 impudentius
1167 3059 1234 3100 rer·

282 3167 370 3223 satus
385 3164 433 3215 est
447 3151 479 3211 in
500 3167 597 3209 causa
614 3146 857 3229 archiepiscopo
872 3156 905 3207 et
920 3142 1150 3207 consecratoris
1172 3140 1233 3210 sui,

282 3266 415 3324 conatus
436 3272 479 3312 ex
500 3269 539 3309 eo
558 3246 592 3307 in
612 3247 784 3327 praesentia
805 3247 1028 3329 episcoporum
1050 3258 1082 3308 et
1102 3245 1235 3306 aliorum

282 3360 398 3425 docere
429 3369 557 3414 causam
588 3344 708 3409 domini
739 3346 980 3409 cantuariensis
1010 3368 1074 3408 non
1103 3345 1163 3406 niti
1193 3343 1234 3405 de

281 3457 462 3529 sinceritate
479 3448 624 3535 justitiae,
638 3466 698 3508 nec
714 3446 861 3507 ecclesiae
882 3466 1024 3525 quaerere
1044 3445 1234 3515 libertatem,

282 3566 339 3633 sed
362 3561 520 3624 duntaxat
536 3572 608 3635 quae
631 3569 688 3611 sua
709 3558 794 3621 sunt,
816 3566 882 3608 non
905 3567 978 3628 quae
999 3546 1079 3607 Jesu
1102 3544 1234 3621 Christi,

283 3669 359 3755 quia
374 3660 487 3727 cedere
509 3676 573 3717 uon
592 3652 658 3714 vult
680 3671 717 3714 ea
738 3647 924 3711 conditione
946 3658 982 3709 ut
1004 3667 1061 3709 rex
1076 3657 1233 3728 perpetuo

282 3764 438 3837 concedat
453 3759 592 3822 debitam
608 3752 754 3816 ecclesiae
769 3749 956 3812 libertatem.
995 3746 1123 3809 Dicitur
1137 3746 1233 3809 etiam

280 3869 436 3959 adjecisse
472 3856 656 3922 insultando
693 3878 727 3918 se
764 3864 906 3937 paratum
938 3873 1008 3915 esse
1045 3850 1233 3912 renunciare

281 3964 479 4062 episcopatui
504 3981 562 4023 suo
589 3959 648 4020 sub
675 3956 788 4019 eodem
815 3966 922 4037 pacto.
968 3950 1064 4025 Quod
1086 3963 1121 4013 ut
1145 3951 1234 4013 aiunt

280 4100 339 4144 nec
355 4074 418 4139 illis
432 4064 565 4153 placuit,
580 4059 636 4142 qui
650 4059 734 4121 hanc
750 4056 920 4139 puritatem
936 4055 1036 4139 ipsius
1052 4053 1233 4128 audierunt,

280 4194 347 4244 tum
363 4194 419 4259 pro
440 4185 576 4254 persona
597 4158 734 4223 dicentis
756 4179 853 4241 quam
872 4156 1059 4238 diligebant,
1074 4167 1106 4218 et
1121 4154 1233 4237 opina·

281 4286 399 4344 bantur
415 4269 548 4335 sanioris
569 4286 639 4329 esse
662 4260 790 4325 consilii
811 4270 843 4323 et
858 4258 1050 4323 voluntatis:
1075 4270 1141 4320 tum
1158 4257 1235 4341 quia

280 4376 496 4465 perniciosum
519 4377 603 4431 esset
625 4363 794 4445 exemplo:
819 4372 888 4424 tum
911 4360 988 4445 quia
1010 4358 1102 4422 facile
1124 4365 1234 4441 posset
