3034 5200
296 725 406 804 llos]
681 742 859 787 umsromu.
1187 732 1246 790 145

293 894 400 958 minus
410 905 649 980 promeruerant
663 892 703 955 ad
715 892 853 978 justitiae
868 891 1114 957 subversionem.
1153 894 1245 957 Nun-

293 994 361 1060 cius
383 993 503 1059 domini
518 993 651 1057 Joannis
675 993 891 1079 Neapolitani,
912 992 997 1077 quod
1020 1016 1128 1079 regem
1144 994 1245 1058 Fran-

291 1119 400 1159 corum
416 1119 478 1160 non
493 1095 599 1171 latuit,
614 1119 634 1158 a
649 1094 760 1159 castris
779 1096 860 1181 ejus,
875 1116 975 1180 quum
996 1117 1135 1157 essemus
1155 1096 1240 1180 apud

291 1197 437 1262 Montem
465 1197 660 1272 Mirabilem,
683 1195 830 1262 transivit
852 1195 893 1259 ad
915 1217 1021 1281 regem
1046 1194 1187 1278 Angliae,
1210 1209 1243 1260 et

290 1297 444 1384 quosdam
460 1297 539 1361 alios
553 1297 692 1360 ecclesiae
707 1310 965 1381 persequutores.
1011 1294 1078 1357 Viri
1096 1294 1243 1380 religiosi,

290 1399 347 1484 qui
370 1411 456 1463 stant
478 1420 547 1463 cum
571 1420 646 1483 rege
663 1397 802 1482 Angliae,
818 1396 947 1483 quando
969 1395 1140 1460 audierunt
1162 1420 1243 1482 prae·

289 1499 372 1563 fatas
395 1498 515 1575 literas,
538 1497 710 1563 doluerunt
736 1521 835 1584 supra
857 1497 1000 1575 modum,
1023 1510 1055 1561 et
1077 1497 1243 1584 imprecati

291 1611 366 1662 sunt
381 1599 500 1662 «Ioanni
521 1597 742 1683 Neapolitano,
757 1612 790 1663 et
810 1599 928 1662 Joanni
944 1597 1078 1660 Joaunis
1092 1612 1123 1661 et
1141 1597 1244 1676 Pauli,

291 1699 348 1785 qui
363 1699 550 1763 dicebantur
567 1696 729 1763 seduxisse
741 1699 907 1764 dominum
923 1721 1049 1784 papam.
1086 1699 1243 1783 Magister

293 1801 478 1865 Gaufredus
492 1800 709 1880 Pictavieusis,
724 1801 857 1865 clericus
871 1800 990 1865 domini
1003 1800 1159 1864 Willelmi
1174 1824 1242 1864 car-

290 1902 415 1979 dioclis,
432 1924 493 1965 non
513 1905 670 1966 consensit
691 1901 833 1981 consilio,
854 1919 886 1965 et
906 1901 1031 1967 actibus
1052 1902 1239 1966 nunciorum

290 2003 383 2088 regis,
402 2005 553 2090 quoniam
575 2016 739 2091 exspectat
762 2016 794 2067 et
814 2002 881 2088 ipse
904 2026 1037 2090 regnum
1060 2004 1131 2069 Dei.
1178 2004 1241 2067 Sed

288 2103 391 2190 palam
402 2117 599 2190 protestatus
610 2116 669 2182 est,
677 2102 748 2166 illos
757 2125 823 2167 esse
833 2104 990 2189 perjuros,
1000 2118 1030 2168 et
1041 2105 1241 2168 anathemate

288 2205 522 2285 condemnatos,
533 2205 611 2291 quia
622 2205 809 2289 juraverant
821 2203 900 2267 illud
918 2205 1102 2270 mandatum
1119 2206 1240 2271 domini

285 2329 380 2392 papae
403 2317 557 2370 secretum
576 2306 655 2378 fore,
671 2306 780 2391 eisque
800 2305 831 2368 in
854 2305 972 2370 virtute
993 2306 1192 2386 obedientiae,
1208 2322 1240 2371 et

287 2409 346 2473 sub
358 2408 559 2473 anathemate
569 2407 751 2493 injunxerat
764 2407 912 2473 dominus
921 2431 1015 2495 papa,
1026 2422 1062 2473 ut
1074 2409 1237 2474 celaretur.

291 2511 345 2574 Illi
362 2533 446 2590 vero,
462 2523 497 2574 ut
513 2532 570 2573 nos
585 2509 838 2596 contemptibiles
852 2510 998 2576 omnibus
1013 2511 1191 2588 redderent,
1208 2527 1239 2576 et

287 2608 512 2677 subtraherent
528 2610 639 2677 solatia
661 2611 848 2689 amicorum,
863 2614 954 2698 quasi
978 2613 1017 2678 de
1041 2637 1116 2699 pace
1132 2630 1239 2679 nostra

283 2715 534 2802 desperantium,
551 2738 621 2781 cum
645 2738 720 2798 rege
742 2738 801 2779 suo
824 2714 1001 2801 triumphos
1021 2740 1086 2780 suae
1109 2717 1238 2782 malitiae

282 2831 517 2903 praeconantur,
532 2818 573 2883 de
587 2817 772 2884 confusione
786 2817 924 2883 ecclesiae
938 2817 1119 2902 gloriantes.
1165 2820 1239 2884 Uti·

284 2942 357 2983 nam
374 2921 436 2985 sint
451 2943 542 2985 aures
557 2920 766 2985 cardinalium
779 2921 820 2983 ad
834 2942 891 2983 ora
901 2921 1108 2998 Francorum,
1120 2921 1237 3008 quibus

285 3025 449 3086 occasione
464 3021 554 3084 verbi
570 3021 669 3106 hujus
688 3019 722 3084 in
742 3022 947 3106 proverbium
964 3022 1117 3087 vertitur:
1144 3028 1238 3101 Quod

282 3125 420 3185 ecclesio
438 3125 603 3204 principes
628 3124 773 3206 infideles
797 3130 877 3187 sunt
896 3126 1116 3209 ecclisiarum.
1160 3130 1236 3192 Per·

280 3222 420 3288 mittunt
441 3225 524 3285 enim
548 3235 580 3287 et
606 3236 757 3308 praestant
781 3228 1000 3291 auctoritatem
1026 3245 1236 3315 persequuto-

282 3322 372 3387 ribus
387 3320 525 3385 ecclesiae
540 3334 719 3400 concutere,
733 3323 880 3410 spoliare,
895 3337 927 3389 et
942 3325 1120 3411 depraedari
1136 3335 1234 3416 patri·

282 3423 422 3487 monium
449 3422 592 3487 crucifixi
621 3423 663 3487 ad
697 3424 809 3489 nefarii
838 3425 917 3490 lucri
948 3428 1232 3515 participationem.

282 3525 415 3589 Utinam
446 3524 751 3591 Christianissimum
786 3550 893 3613 regem
923 3530 1077 3595 audiretis
1106 3547 1137 3596 et
1168 3558 1234 3613 vos,

281 3650 375 3712 quem
401 3629 496 3692 timeo
518 3627 558 3691 de
580 3641 696 3692 caetero
719 3629 859 3693 revocari
881 3652 943 3693 non
967 3654 1068 3715 posse,
1092 3632 1168 3717 quio
1191 3634 1232 3697 ad

280 3751 387 3815 preces
402 3727 604 3814 imperatoris
625 3731 709 3793 inter
729 3727 845 3793 liberos
865 3751 972 3793 eorum
996 3733 1231 3799 matrimonium

280 3831 496 3894 contrabatur.
543 3830 617 3893 Hoc
642 3827 727 3893 enim
752 3844 900 3916 procurat
926 3854 1031 3897 comes
1059 3834 1233 3914 Henricus,

279 3944 310 3996 et
333 3943 439 4016 sperat
462 3953 494 3995 se
520 3930 585 3994 voti
610 3943 788 4017 compotem
814 3932 892 3997 sore.
937 3936 987 3998 De
1009 3949 1125 4001 caetero
1148 3960 1232 3999 nunc

280 4056 387 4118 quaeso
416 4039 569 4119 appareat
599 4031 769 4111 industria,
799 4048 832 4097 et
862 4034 1027 4121 diligentia
1057 4049 1170 4114 vestra,
1199 4050 1231 4099 et

280 4134 427 4197 dominus
443 4155 527 4219 papa
541 4132 629 4219 quod
646 4134 729 4219 justi
741 4134 863 4219 judicis
876 4150 923 4199 est
939 4149 1126 4221 exequatur.
1169 4136 1234 4200 Ab·

280 4233 381 4297 solvat
396 4235 629 4315 innnocentem‚
650 4235 705 4320 qui
728 4236 795 4299 sine
818 4235 965 4321 exemplo
987 4237 1105 4321 ligatus
1125 4250 1183 4312 est,
1200 4253 1232 4306 et

277 4334 464 4399 condemnet
480 4335 627 4421 impium,
643 4340 747 4423 quise
769 4337 980 4422 persequendi
996 4336 1155 4402 ecclesiam
1172 4344 1232 4406 toti
1253 4380 1261 4391 ·

322 4456 394 4501 vot..
412 4456 448 4499 11.
744 4456 764 4499 L
