3034 5200
257 721 364 801 riou]
650 727 829 781 nrrsronnr.
1167 720 1208 781 ot

252 893 328 974 quia
341 889 522 973 magnificae
546 889 669 954 virtutis
683 889 776 952 titulo
796 888 923 963 'meruit
939 891 974 953 ut
992 891 1027 953 in
1047 888 1205 953 libertatis

253 993 392 1055 culmine
410 991 614 1066 constitutus,
627 1009 719 1070 reges
733 987 850 1052 viderit
866 989 901 1051 in
916 988 1028 1053 ordine
1048 990 1202 1068 secundo,

254 1104 286 1158 et
310 1115 421 1176 regum
444 1113 561 1177 parens
582 1100 679 1175 (quos
700 1089 875 1173 adoptione
899 1093 1072 1173 promovit)
1094 1094 1205 1157 haberi

252 1193 348 1257 debet
360 1195 395 1257 in
418 1192 655 1275 sempiternum.
700 1191 777 1253 Non
797 1211 873 1273 ergo
895 1212 1004 1255 vereor
1018 1214 1059 1256 ne
1079 1195 1114 1256 in
1130 1215 1207 1257 ven·

252 1304 320 1358 tum
336 1296 431 1356 verba
451 1291 623 1367 emiserim,
638 1300 694 1353 aut
713 1289 800 1373 quod
816 1291 895 1353 mihi
915 1290 1094 1374 captiosum
1115 1295 1156 1357 sit
1171 1294 1205 1356 in

254 1404 350 1456 tantae
376 1390 553 1454 sanctitutis
582 1390 713 1453 auribus
738 1411 813 1452 vera
836 1411 905 1454 esse
931 1393 1084 1456 locutum.
1128 1394 1205 1456 Non

254 1505 360 1556 tamen
383 1514 426 1556 ex
440 1511 538 1554 causa
552 1491 690 1553 veritatis
704 1489 925 1553 insidiantium
946 1494 1080 1575 laqueos
1100 1495 1210 1558 timeo,

258 1594 314 1676 qui
328 1595 450 1655 utinam
461 1601 561 1654 totam
578 1591 672 1654 vitam
684 1589 867 1654 devoverim
878 1594 1013 1670 veritati,
1022 1605 1054 1657 et
1064 1594 1099 1657 in
1110 1603 1210 1658 asser·

256 1695 344 1757 tione
359 1693 428 1776 ejus
443 1692 649 1774 impenderim
659 1693 814 1756 animam:
830 1693 866 1755 in
874 1693 961 1756 invio
972 1705 1030 1772 est,
1040 1706 1140 1778 pater,
1151 1697 1208 1780 qui

256 1795 439 1863 Ecclesiam
454 1806 566 1875 'regere
586 1803 677 1876 putat
699 1815 770 1856 esso
792 1793 991 1858 dominatum
1009 1796 1043 1859 in
1066 1798 1162 1871 clero,
1178 1809 1211 1862 et

257 1897 374 1960 fastum
384 1895 418 1958 in
432 1894 564 1980 popul0,
576 1915 753 1978 pauperum
764 1894 882 1959 Christi
893 1897 1019 1960 loculos
1029 1899 1211 1978 exhaurire,

257 2010 293 2061 ut
315 1999 424 2061 hostes
446 1996 616 2074 Crucifixi,
636 1996 811 2059 histriones
832 2006 865 2060 et
882 1998 1008 2076 mimos,
1022 2010 1054 2062 et
1075 2011 1207 2064 caeteras

256 2099 440 2183 hujusmodi
450 2100 587 2162 mulceat
594 2108 718 2180 pestes:
737 2100 865 2180 placere
876 2099 1087 2181 potestatibus
1097 2103 1209 2181 seculi,

258 2211 294 2263 ut
317 2200 501 2284 perniciosa
527 2207 561 2262 et
585 2198 697 2262 infami
721 2198 876 2281 patientia
900 2210 1062 2282 pastorum
1089 2201 1209 2265 Christi

259 2303 466 2366 conculcetur
494 2300 655 2375 Ecclesia,
681 2321 739 2362 sua
768 2320 909 2382 quaerere
937 2321 1003 2363 uon
1033 2322 1106 2383 quae
1130 2304 1209 2367 Jesu

260 2403 390 2478 Christi,
405 2401 497 2465 otiari
515 2402 551 2464 in
572 2402 693 2464 talento
713 2400 855 2478 Domini,
870 2411 903 2464 et
923 2402 1097 2466 usurariam
1114 2404 1212 2469 virtu·

260 2513 327 2566 tum
342 2501 560 2565 accessionem
573 2500 788 2582 negotiatione
808 2500 1032 2566 sollicitudinis
1047 2512 1080 2567 et
1092 2505 1213 2568 laboris

261 2625 326 2667 non
343 2622 503 2665 exercere.
545 2601 658 2665 Aderit
670 2602 706 2665 in
720 2601 808 2665 brevi
823 2614 986 2683 pastorum
1000 2615 1109 2687 pastor
1123 2608 1179 2690 qui
1193 2629 1215 2672 a

262 2703 354 2767 vobis
380 2714 412 2767 et
437 2702 531 2766 nobis
558 2702 734 2766 districtam
761 2702 869 2784 exiget
889 2704 1061 2770 rationem:
1092 2707 1214 2791 eritque

261 2816 337 2870 tunc
352 2806 504 2869 memoria
512 2804 592 2889 justi
608 2826 681 2868 cum
692 2803 853 2883 laudibus,
866 2814 898 2868 ct
912 2826 1030 2869 nomen
1043 2807 1213 2891 impiorum

260 2916 430 2990 putrescet.
460 2906 526 2970 Sed
541 2927 582 2969 ne
596 2907 631 2969 in
645 2906 778 2987 longum
793 2905 901 2970 videar
913 2908 1113 2990 prophetare,
1125 2908 1213 2973 citis·

263 3008 341 3072 sime
356 3028 414 3091 per
423 3006 672 3071 misericordiam
683 3007 748 3070 Dei
760 3005 908 3071 videbitis
918 3009 1100 3074 Ecclesiam
1111 3031 1214 3074 resur-

261 3128 346 3189 gere,
359 3117 395 3169 ut
409 3108 465 3189 qui
478 3128 547 3170 eam
561 3106 717 3169 hactenus
731 3104 952 3189 prodiderunt,
965 3121 1019 3173 aut
1033 3131 1108 3174 cum
1120 3112 1215 3176 Petro

264 3207 502 3289 lachrymentur
526 3207 568 3271 ad
591 3207 728 3284 veniam,
751 3218 806 3273 aut
829 3228 903 3272 cnm
925 3210 1014 3274 luda
1038 3214 1154 3297 laqueo
1180 3236 1215 3280 se

163 3365 165 3368 .
268 3306 473 3392 suspendant.

279 3562 502 3653 EPISTOLA
524 3561 803 3632 noxum-m
818 3586 915 3631 wrm.
931 3580 1109 3634 nurrounru
1124 3590 1201 3635 sun·
1222 3555 1224 3560 ’

436 3685 589 3731 emonem
604 3686 769 3732 caurum.
818 3669 863 3749 [a.
876 3687 907 3731 n.
926 3671 1038 3750 lton]

294 3858 296 3863 “
395 3858 397 3862 ’
416 3852 588 3914 Guillelmo
602 3852 732 3914 Britonc‘
746 3853 907 3934 subpriori
923 3852 1064 3919 Contiae.

307 4012 552 4087 Rumoeuscrr,
575 4023 703 4075 auctore
726 4010 881 4090 Domino,
905 4019 1007 4077 status
1034 4011 1218 4075 universalis

266 4114 422 4187 ecclesiae,
437 4124 469 4174 et
484 4112 759 4177 schismaticorum
774 4113 913 4195 impetus
926 4113 1092 4176 frustratus
1112 4121 1170 4185 est,
1185 4121 1219 4171 et

266 4214 414 4295 superbia
443 4213 553 4276 Moab·
572 4212 677 4277 indies
705 4213 894 4276 infirmatur.
946 4214 1019 4275 Neo
1049 4210 1089 4273 de
1119 4217 1217 4271 nocte

266 4321 407 4374 vastatus
417 4321 467 4383 est
479 4333 578 4393 nunc,
590 4324 625 4376 ut
639 4314 680 4375 ab
696 4311 800 4386 initio,
815 4308 873 4373 sed
888 4310 922 4371 in
938 4307 1068 4371 meridie
1083 4309 1219 4374 suffossa

309 4428 380 4474 vor..
397 4427 432 4475 11.
727 4430 746 4472 r
