3034 5200
320 708 383 765 2⁸26
581 715 718 781 scaurus
734 715 1013 761 saaasnnnmnsrs
1191 694 1236 773 [c.
1247 715 1280 759 n.

325 871 439 952 Longe
454 868 567 932 melius
587 879 634 931 est
657 866 795 931 incidere
817 865 849 929 in
871 888 983 930 manus
998 864 1164 928 hominum
1181 887 1279 949 quam

325 971 543 1056 derelinquere
565 970 666 1055 legem
690 970 763 1033 Dei.
808 969 958 1034 Alterum
983 966 1066 1032 enim
1088 989 1212 1051 semper
1226 989 1281 1051 ge-

325 1073 460 1136 hennam
487 1072 613 1156 ingerit.
665 1069 815 1134 Alterum
845 1071 895 1133 via
918 1081 966 1134 est
995 1070 1036 1133 ad
1062 1090 1222 1145 coronam,
1250 1081 1283 1134 et

324 1184 494 1259 perpetuat
505 1170 648 1256 gloriam.
687 1172 771 1234 Nam
786 1170 843 1257 qui
856 1170 1138 1257 persequutionem
1150 1180 1283 1255 propter

320 1272 480 1360 justitiam
496 1271 676 1357 patiuntur,
692 1271 777 1336 beati
794 1286 884 1335 sunt:
910 1273 1058 1357 quoniam
1076 1294 1157 1357 quos
1171 1292 1282 1356 pugna

325 1387 453 1461 purgat,
468 1375 583 1460 probat
599 1387 630 1438 et
645 1372 795 1448 illustrat,
810 1373 882 1437 finis
901 1396 1020 1460 pugna
1035 1372 1101 1437 sine
1115 1372 1178 1435 fine
1192 1393 1280 1435 coro·

325 1489 391 1541 nat.
410 1475 935 1562 Sathanasautemampliussoevit,
945 1498 1045 1560 quum
1058 1472 1280 1538 exterminium

325 1601 418 1643 suum
435 1577 522 1643 videt
537 1577 721 1642 accelerari:
747 1590 780 1641 et
794 1577 850 1641 illa
864 1600 939 1663 pars
953 1576 1078 1662 hyemis
1092 1574 1205 1640 tetrior
1219 1586 1279 1651 est,

324 1703 399 1765 quae
414 1680 496 1742 veris
511 1678 703 1752 imminentis
722 1677 876 1763 praecedit
896 1680 1123 1741 amoenitatem.
1168 1677 1280 1741 Histo-

323 1781 386 1843 rias
408 1779 536 1865 replica,
559 1792 767 1864 tyrannorum
791 1794 882 1864 gesta
903 1779 1042 1852 revolve,
1062 1797 1094 1844 et
1116 1779 1211 1866 plane
1233 1801 1280 1842 re-

318 1881 426 1968 peries
448 1879 478 1942 in
502 1880 656 1965 pressuris
677 1903 800 1966 semper
821 1880 988 1945 dilatatam
1008 1904 1074 1945 esse
1096 1880 1276 1945 ecclesiam:

322 1997 354 2049 et
391 1981 479 2068 quod
513 1982 721 2068 persequutio
757 1996 878 2066 quanto
912 1983 1049 2048 atrocior
1085 1995 1152 2047 erat
1189 1993 1280 2047 tanto

321 2085 417 2150 dtius
450 2083 632 2148 sedabatur.
692 2087 813 2168 Regem
849 2098 956 2150 autem
993 2097 1058 2149 tam
1092 2085 1133 2148 ab
1170 2081 1279 2149 amicis

323 2207 421 2271 quam
451 2184 492 2247 ab
524 2183 593 2248 aliis
624 2185 749 2248 nunciis
778 2184 834 2272 qui
869 2187 1092 2273 praemiserunt
1120 2188 1209 2265 istos,
1241 2196 1280 2249 ut

322 2284 580 2370 praemuniretur,
608 2284 830 2350 indubitanter
859 2286 1071 2372 significatum
1100 2303 1158 2367 est,
1188 2285 1277 2373 quod

322 2387 382 2451 nisi
398 2386 493 2451 citius
507 2409 579 2450 eum
595 2385 726 2450 ecclesia
737 2386 847 2451 fecerit
862 2410 983 2472 pacem,
1000 2388 1174 2452 secundum
1188 2386 1278 2473 quod

321 2488 361 2551 ad
377 2489 566 2574 petitionem
582 2510 668 2553 suam
685 2488 834 2552 dominus
850 2512 935 2576 papa
949 2489 1154 2576 praescripsit,
1170 2502 1201 2553 et
1217 2488 1279 2553 hoc

320 2591 404 2655 infra
433 2590 580 2655 calendas
606 2589 698 2667 Maii,
722 2613 764 2654 ex
794 2604 869 2655 tunc
898 2590 986 2656 nulla
1011 2591 1133 2656 ratione
1156 2589 1277 2655 differri

320 2692 451 2777 poterit,
465 2689 543 2777 quin
560 2688 591 2752 in
607 2711 774 2774 personam
795 2691 865 2775 ejus
885 2702 917 2754 et
939 2702 1054 2754 terram
1076 2690 1276 2756 cismarinam

319 2806 352 2857 et
381 2791 622 2858 transmarinam
647 2790 859 2855 ecclesiastica
895 2792 1046 2855 severitas
1079 2803 1275 2858 exerceatur.

320 2896 366 2959 Et
392 2893 452 2957 hoc
477 2892 608 2978 quidem
639 2893 778 2957 arbitror
807 2892 882 2958 huic
909 2893 1155 2973 exacerbationi,
1175 2916 1275 2979 quam

320 3000 410 3060 Deus
434 3009 569 3071 mature,
596 3009 692 3079 prout
723 2994 864 3059 ecclesiae
888 2995 975 3059 novit
1002 2996 1167 3081 expedire,
1189 3016 1276 3060 com·

320 3108 438 3182 poscat,
462 3096 587 3160 dedisse
608 3096 775 3181 originem,
790 3098 1037 3183 procurantibus
1058 3097 1202 3162 fomitem
1224 3119 1276 3159 ar-

319 3195 404 3258 doris
418 3210 450 3260 et
466 3197 614 3272 incendii,
627 3219 738 3261 causas
748 3198 873 3282 jugiter
889 3198 1137 3283 subrogantibus
1152 3196 1202 3261 his
1215 3199 1274 3282 qni

319 3293 457 3358 oderunt
486 3318 613 3379 pacem:
647 3308 679 3359 et
705 3296 811 3360 sciunt
841 3321 873 3360 se
904 3320 976 3360 eum
1003 3299 1169 3383 perpetuae
1197 3306 1276 3359 nota

317 3395 458 3458 infamiae
477 3395 603 3459 futuros
624 3384 847 3459 detestandum
868 3398 1045 3463 schismatis
1059 3410 1090 3462 et
1106 3399 1274 3482 apostasiae

319 3496 511 3583 exemplum.
556 3496 658 3560 Lator
680 3498 898 3581 praesentium,
920 3500 946 3564 si
969 3500 1027 3565 tibi
1050 3501 1152 3564 visum
1175 3498 1274 3563 fuerit

238 3609 240 3614 ’
320 3615 356 3665 ut
371 3622 444 3663 eum
468 3598 629 3679 admittas,
645 3598 739 3684 plura
759 3600 934 3685 supplebit.
980 3603 1088 3678 Quum
1108 3599 1272 3677 redierint,

318 3724 455 3786 quorum
482 3701 513 3764 in
537 3700 625 3765 brevi
649 3713 796 3785 speratur
818 3702 986 3777 adventus,
1009 3701 1175 3766 referenda
1196 3723 1271 3786 quae

318 3802 499 3866 emerserint
522 3803 582 3866 tibi
610 3805 681 3865 Deo
706 3802 900 3888 propitiante
926 3803 1062 3867 scribere
1084 3826 1145 3867 non
1172 3802 1272 3888 pigri·

318 3905 426 3968 tabor:
451 3917 483 3969 et
505 3904 624 3968 utinam
646 3929 694 3968 me
717 3904 757 3967 de
777 3918 862 3969 statu
887 3919 954 3983 tuo,
969 3929 1065 3991 quem
1089 3908 1179 3970 Deus
1201 3926 1273 3969 suc·

315 4007 454 4072 cessibus
469 4004 611 4090 impleat,
628 4019 750 4070 mature
766 4007 927 4072 certiorari
942 4006 1116 4092 contingat.
