3034 5200
292 691 333 754 72
547 711 683 756 Joauurs
700 707 982 758 sunusanmnusrs
1150 695 1195 774 [a.
1212 713 1243 756 n.

291 863 334 925 ab
350 860 507 925 haereticis
530 863 585 945 qui
606 873 831 936 convenerant,
848 885 977 929 causam
993 866 1071 930 fidei
1093 864 1245 929 condem-

293 963 373 1041 nari,
395 974 427 1025 et
453 963 639 1045 apostolicae
663 963 732 1027 sedi
755 966 973 1048 gravissimum
1001 967 1040 1030 de
1067 965 1246 1030 schismati·

288 1083 404 1125 ‚corum
420 1084 579 1126 consensu
590 1065 737 1127 roborato
754 1066 923 1128 subinferri
939 1065 1154 1148 dispendium.
1178 1063 1245 1126 Sed

293 1163 482 1226 benedictus
498 1165 590 1227 Deus
607 1166 662 1248 qui
676 1166 823 1229 misertus
842 1167 988 1230 ecclesiae
1003 1166 1154 1230 contrivit
1169 1185 1244 1227 auc·

289 1278 392 1330 torem
416 1265 598 1329 schismatis
621 1267 710 1330 illum
736 1267 961 1332 detestandum
986 1269 1104 1332 seculis
1128 1265 1244 1329 Frede-

291 1364 394 1427 ricum
415 1387 523 1428 coram
538 1364 622 1429 facie
638 1378 752 1447 vestra,
768 1369 891 1432 docens
913 1391 1031 1432 annum
1052 1366 1242 1451 placabilem

288 1470 446 1549 Domino,
462 1480 493 1534 et
512 1480 638 1553 tempus
653 1473 843 1536 visitationis
859 1473 928 1556 jam
946 1472 1129 1536 advenisse:
1160 1478 1196 1532 ut
1211 1477 1244 1530 et

291 1595 350 1636 vos
366 1573 421 1659 qui
437 1571 577 1654 gladium
594 1574 657 1635 Dei
669 1574 784 1637 videtis
800 1575 950 1638 eductum
967 1575 1000 1636 in
1017 1573 1123 1657 capita
1137 1581 1243 1653 tyran·

289 1667 416 1749 norum,
429 1675 461 1737 in
475 1695 530 1736 eos
542 1674 630 1737 Petri
645 1675 786 1756 gladium
802 1675 956 1752 exeratis3
973 1675 1142 1759 sciatisque
1158 1671 1244 1756 quod

292 1776 455 1838 constituti
470 1775 556 1851 estis,
572 1775 772 1859 coadjutores
788 1777 852 1838 Dei
867 1778 900 1838 in
916 1777 1106 1839 exterminio
1122 1795 1245 1852 eorum,

288 1876 358 1960 qui,
370 1887 405 1938 ut
416 1875 582 1938 stabiliant
592 1876 719 1959 iniquas
729 1877 896 1939 hominum
906 1877 1102 1952 traditiones,
1111 1877 1242 1938 verbum

291 1979 354 2041 Dei
369 1978 543 2040 moliuntur
558 1978 756 2057 extinguere.
794 1978 848 2042 Sic
868 1979 979 2060 utique
994 1998 1109 2040 manus
1123 1991 1242 2039 vestras

291 2079 434 2141 Domino
449 2077 679 2141 consecrabitis
692 2078 727 2140 in
743 2078 932 2140 exterminio
952 2077 1042 2150 idoli,
1058 2075 1136 2139 Levi
1151 2074 1242 2136 resti-

290 2189 395 2240 tuetur
409 2187 445 2239 ut
459 2177 596 2258 gaudeat
611 2177 836 2240 benedictione
858 2179 968 2259 patris,
982 2186 1014 2240 et
1030 2175 1242 2240 sacerdotium

285 2289 431 2341 -vestrum
451 2280 621 2362 plusquam
639 2279 778 2343 Phineos
792 2278 941 2342 reddetur
955 2278 1103 2342 omnibus
1122 2275 1240 2340 seculis

290 2381 473 2461 gloriosum.
521 2382 634 2445 Valeat
663 2383 836 2464 paternitas
866 2394 970 2446 restra
1003 2392 1036 2445 et
1064 2400 1240 2464 pauperum

291 2482 411 2546 Christi
426 2483 604 2547 meminerit
618 2483 652 2545 in
668 2482 806 2555 bouum!
1114 2497 1116 2500 ’

290 2741 512 2807 EPISTOLA
536 2741 759 2807 ccxx-an
774 2762 921 2810 anonam
941 2761 1104 2806 caurum.
1119 2757 1238 2812 aucur-

536 2861 731 2905 nursconuru.
782 2843 865 2922 [an.
884 2841 992 2920 lma]

490 2972 631 3040 Domino
649 2977 779 3041 Thomae
797 2977 1043 3041 Cantaurienst'.

333 3100 508 3163 lusencms
523 3100 647 3175 litteris,
664 3122 743 3184 quas
759 3100 890 3164 domiuo
901 3101 1066 3164 Willelmo
1089 3102 1240 3185 Papiensi

285 3204 412 3266 mittere
435 3201 630 3280 decrevistis,
645 3213 677 3265 et
699 3203 726 3264 si
747 3214 886 3267 mentem
911 3200 1080 3267 scribentis
1095 3204 1241 3288 judicare

288 3328 352 3367 non
369 3304 514 3379 audeam,
526 3303 591 3365 stili
607 3315 713 3366 tamen
729 3304 863 3367 formam
875 3306 1007 3387 probare
1018 3326 1084 3367 non
1099 3327 1240 3387 possum.

288 3410 365 3470 Non
377 3407 460 3469 enim
473 3425 586 3467 sonare
599 3404 745 3468 videntur
756 3405 966 3468 humilitatem
979 3418 1033 3467 aut
1047 3407 1240 3488 processisse

285 3510 329 3574 de
344 3518 450 3572 mente
466 3508 606 3570 hominis
630 3508 686 3591 qui
701 3508 891 3590 Apostolum
914 3504 1051 3571 audierit
1068 3510 1240 3573 exhortan-

286 3622 352 3673 tem
367 3609 542 3692 discipulos
558 3609 689 3686 Christi,
702 3607 865 3672 Modestia
880 3619 982 3671 vestra
996 3621 1072 3673 nota
1084 3610 1125 3673 sit
1136 3613 1240 3677 omni-

286 3714 359 3788 bus,
370 3711 530 3773 Dominus
546 3733 645 3795 prope
658 3722 714 3775 est.
739 3709 774 3773 Si
785 3710 868 3773 enim
881 3710 1053 3774 litterarum
1065 3723 1239 3779 vestrarum

287 3823 319 3876 et
338 3810 440 3894 ipsius
463 3812 588 3875 articuli
603 3811 722 3892 singuli
737 3810 949 3889 conferantur,
965 3834 1008 3875 ex
1029 3816 1239 3879 amaritudine

287 3913 394 3999 potius
409 3920 440 3972 et
455 3930 588 3974 rancore
605 3912 704 3974 animi
719 3934 816 3996 quam
834 3934 876 3975 ex
898 3914 1036 3977 caritatis
1058 3916 1239 3979 sinceritate

285 4014 445 4080 ridebitur
460 4013 655 4095 processisse
669 4016 846 4097 responsio.
884 4014 969 4090 Quid
985 4025 1091 4077 autem
1104 4016 1240 4099 scripsit,

285 4131 321 4184 ut
337 4116 489 4181 loedorias
509 4125 542 4177 et
564 4126 750 4190 scommata,
764 4115 798 4177 id
821 4128 880 4193 est,
895 4127 1042 4199 patentes
1060 4137 1184 4178 morsus
1206 4130 1238 4181 et

285 4222 438 4302 figuratos
451 4231 586 4297 taceam,
601 4229 636 4279 ut
650 4237 723 4278 eum
740 4229 826 4282 recte
843 4218 958 4281 dicatis
973 4219 1006 4281 in
1028 4217 1136 4281 medio
1150 4218 1235 4283 litte·

284 4342 387 4396 rarum
400 4331 570 4384 vestrarum
585 4317 672 4381 vobis
685 4318 853 4401 propinare
865 4318 1044 4382 venenum?
1071 4318 1236 4404 Numquid
