3034 5200
290 751 353 810 290
550 761 685 807 romnus
700 757 978 804 sannsnnmnnsrs
1146 743 1193 815 [a.
1209 760 1242 807 u.

289 913 542 979 ministrantibus
557 921 684 998 possent
706 907 858 987 sufficere,
873 921 905 971 et
924 906 1136 972 humilitatem
1152 907 1241 972 debi-

292 1029 356 1080 tam
373 1014 551 1100 hospitibus
566 1036 625 1099 pro
640 1011 700 1075 loci
715 1009 847 1074 modulo
865 1006 1067 1074 laudabiliter
1082 1009 1242 1076 exhibere.

294 1116 458 1202 Siquidem
488 1116 601 1179 fratres
622 1114 667 1178 ibi
690 1113 851 1197 degentes,
882 1122 946 1174 tarn
976 1113 1116 1198 episcopi
1145 1135 1243 1199 quam

291 1217 470 1282 officialium
486 1217 565 1304 ejus,
585 1215 640 1280 sed
655 1227 687 1280 et
703 1213 878 1277 vicinorum
896 1212 1030 1296 gratiam
1047 1227 1242 1292 meruerunt,

290 1332 483 1406 possentque
512 1317 626 1382 amodo
655 1316 828 1380 amicorum
852 1314 994 1378 subsidio
1023 1337 1081 1400 per
1101 1315 1238 1400 gratiam

292 1421 355 1486 Dei
389 1433 422 1486 et
458 1442 546 1485 suam
582 1418 769 1484 industriam
806 1416 945 1493 dilatari,
977 1417 1038 1480 nisi
1074 1417 1240 1481 conatibus

290 1545 401 1586 eorum
423 1534 594 1606 tempestas
608 1521 761 1606 ingruens
774 1518 928 1583 obviaret.
974 1518 1036 1582 Sed
1059 1518 1132 1583 licet
1146 1519 1240 1583 vicini

291 1624 446 1711 undique,
476 1624 532 1710 qui
561 1623 753 1687 munitiones
783 1619 981 1697 custodiunt,
1011 1622 1052 1685 ab
1081 1622 1128 1686 eis
1157 1644 1240 1706 saepe

289 1727 620 1812 multaextorqueant‚
631 1737 736 1790 tamen
747 1745 807 1809 pro
815 1721 938 1786 viribus
949 1721 1074 1787 solliciti
1086 1735 1161 1788 sunt
1167 1728 1238 1788 Deo

287 1842 319 1895 et
331 1828 459 1892 domino
471 1851 529 1892 suo
540 1839 649 1892 sancto
665 1825 815 1910 Remigio
827 1846 951 1887 servare
962 1823 1069 1900 fidem,
1081 1837 1113 1889 et
1124 1829 1238 1890 vestris

287 1952 346 2017 per
359 1931 465 1994 omnia
475 1929 674 2015 jussionibus
688 1928 828 1994 obedire.
874 1930 991 1992 Frater
1006 1925 1148 1991 Absalon
1164 1950 1237 1991 cum

287 2031 392 2095 reditu
423 2043 532 2096 nostro
560 2030 759 2095 desiderabat
797 2029 988 2116 pertransire
1016 2027 1058 2092 ad
1086 2051 1155 2107 uos,
1184 2027 1240 2094 sed

287 2143 419 2217 propter
452 2132 649 2195 imminentia
681 2131 835 2216 pericula,
872 2154 943 2196 meo
973 2144 1005 2196 et
1040 2131 1149 2196 fratris
1177 2131 1239 2196 mei

288 2232 430 2311 consilio,
444 2255 588 2297 reversus
605 2243 653 2296 est
674 2231 714 2295 ad
735 2232 879 2311 domum,
901 2236 966 2312 cui,
989 2236 1015 2298 si
1036 2233 1170 2309 abesset,
1185 2233 1240 2298 de-

288 2335 400 2399 solatio
415 2333 609 2400 imminebat.
654 2337 816 2400 Canonem
833 2360 909 2400 vero
924 2335 1239 2422 constitutnmdepo-

288 2434 352 2497 suit
376 2433 408 2498 in
431 2457 528 2499 manu
552 2437 649 2500 vestri
668 2435 813 2512 Ricardi,
841 2436 988 2500 utillum
1014 2434 1174 2520 recipiatis
1196 2434 1237 2499 de

286 2558 384 2600 manu
405 2537 484 2622 ejus,
500 2536 526 2601 si
547 2538 631 2602 forte
648 2541 739 2602 Deus
758 2538 1003 2603 commodiorem
1028 2537 1237 2603 intermeandi

286 2638 411 2702 dederit
440 2640 637 2704 facultatem.
682 2640 727 2703 Et
756 2640 832 2725 qnia
860 2641 983 2706 malitia
1003 2638 1177 2716 invalescit,
1200 2653 1237 2707 ut

283 2752 410 2825 oportet
438 2740 563 2817 fratres,
593 2739 704 2825 quiin
734 2740 830 2806 domo
860 2755 965 2808 vestra
986 2754 1072 2821 sunt,
1101 2755 1236 2826 urgente

283 2843 469 2907 necessitate
484 2855 556 2928 post
572 2842 710 2907 latrones
724 2855 756 2907 et
772 2843 938 2928 praedones
956 2864 1015 2929 per
1029 2843 1158 2908 castella
1171 2844 1236 2909 dis·

283 2966 420 3021 currere,
443 2956 478 3011 ut
500 2956 612 3009 neuter
633 2965 742 3007 eorum
766 2946 927 3009 interdurn
942 2945 1030 3009 domi
1043 2945 1235 3024 inveniatur,

282 3047 384 3123 nobis,
408 3049 434 3110 si
456 3045 594 3132 placeret
610 3046 712 3121 vobis,
736 3057 769 3110 et
791 3047 922 3111 consilio
938 3061 1052 3123 vestro,
1073 3047 1234 3113 videretur

280 3148 453 3212 admodum
469 3148 631 3234 expedire,
646 3163 682 3212 ut
697 3149 793 3213 etiam
809 3172 882 3213 cum
897 3149 1110 3214 diminutione
1125 3151 1232 3235 aliqua

280 3248 437 3332 pensionis
457 3249 626 3314 mitteretis
646 3250 785 3335 aliquem
810 3252 991 3328 honestum,
1015 3264 1047 3317 et
1062 3251 1102 3317 ad
1128 3275 1235 3317 neces·

281 3346 390 3410 sitates
419 3350 602 3411 monasterii
624 3350 835 3434 compositum
861 3351 1006 3430 fratrem,
1036 3352 1093 3439 qui
1124 3366 1228 3438 posset

280 3446 343 3511 illis
357 3469 423 3511 esse
439 3445 561 3527 solatio,
575 3459 607 3511 et
623 3451 655 3512 in
671 3450 814 3515 absentia
835 3452 969 3519 aliorum
985 3456 1231 3521 adventantibus

279 3548 481 3635 respondere,
506 3559 538 3613 et
562 3571 619 3613 sua
644 3555 816 3637 praesentia
840 3556 1002 3621 testificari
1029 3556 1133 3621 locum
1157 3556 1228 3620 reli-

281 3652 385 3736 gionis
401 3651 497 3716 titulo
519 3651 649 3716 Domini
672 3669 900 3722 consecratum.
945 3659 1027 3721 Nam
1044 3658 1070 3721 si
1090 3658 1136 3721 ibi
1151 3657 1232 3722 mul-

278 3754 419 3839 tiplicior
454 3755 639 3840 apparuerit
668 3756 890 3842 religiosorum
924 3780 1087 3837 numerus,
1117 3758 1230 3843 procul

278 3855 379 3920 dubio
395 3855 495 3941 major
510 3855 551 3919 ab
562 3856 673 3922 incolis
687 3844 819 3921 Domini
832 3857 1003 3923 reverentia
1013 3856 1229 3937 exhibebitur,
1276 3935 1282 3946 .

278 3967 310 4019 et
326 3956 563 4022 malefactorum
579 3956 767 4043 improbitas
781 3958 905 4022 facilius
920 3956 1129 4043 conquiescet.
