3034 5200
272 710 379 789 llos]
653 723 834 768 nrrsromn.
1164 706 1221 763 rol

265 875 506 962 Burgundiam:
530 873 752 937 Alemanniam
765 885 865 936 totam
875 869 991 954 reperit
1001 868 1174 945 turbatam,
1187 883 1223 934 ut

263 978 292 1041 ei
313 980 380 1064 jam
408 977 555 1041 videatur
577 975 784 1061 promeritum
810 972 1024 1059 praecipitium
1047 971 1222 1035 imminere.

267 1080 351 1156 Quid
367 1103 443 1164 ergo
459 1092 604 1164 superest
619 1101 639 1141 a
654 1075 793 1141 Domino
808 1072 1121 1161 expectandum,nisi
1138 1086 1175 1137 ut
1189 1087 1221 1138 et

263 1183 293 1244 ei
308 1194 510 1266 compereant
529 1179 629 1243 latera
651 1201 727 1242 sua:
758 1190 791 1241 et
814 1199 896 1261 quos
917 1173 1085 1257 complices
1106 1174 1221 1237 habuit

264 1281 297 1345 in
312 1304 429 1357 errore,
445 1281 576 1344 comites
591 1279 706 1342 babeat
723 1281 755 1342 in
776 1277 880 1341 ruina.
925 1280 1010 1339 Nam
1025 1288 1057 1340 et
1077 1274 1109 1338 in
1125 1274 1221 1340 Rith-

266 1381 388 1446 machia
403 1381 584 1446 ludentium
599 1380 659 1448 hoc
673 1378 793 1442 indicat
809 1379 904 1464 jocus
924 1377 980 1440 ubi
1004 1380 1149 1462 quotiens
1163 1400 1220 1440 au·

264 1482 368 1546 fertur
391 1482 533 1568 pyramis
561 1480 747 1567 intercepta,
775 1479 891 1543 totiens
916 1478 1088 1543 concidunt
1120 1478 1220 1543 latera

267 1583 345 1666 ejus.
391 1583 505 1646 Nonne
523 1581 637 1645 harum
652 1580 857 1667 pyramidum
875 1581 974 1645 instar
988 1579 1107 1645 babent
1123 1579 1220 1643 seculi

266 1694 488 1767 potestates,et
496 1681 648 1769 qualibet
656 1681 773 1766 amplae
782 1681 906 1757 domus,
915 1680 970 1745 ubi
980 1680 1071 1765 quasi
1080 1681 1221 1766 corporis

266 1783 410 1848 membra
430 1783 527 1868 capiti
544 1806 600 1846 suo
617 1795 846 1858 concurruunt,
862 1779 920 1867 qui
939 1781 980 1844 de
995 1780 1079 1845 illius
1099 1780 1222 1844 viribus

266 1898 376 1951 contra
392 1886 564 1951 Dominum
580 1886 810 1962 intumuerant,
827 1898 858 1950 et
873 1885 906 1949 in
923 1884 1043 1949 Christi
1065 1907 1222 1970 pauperes

265 1987 449 2052 saeviebant.
496 1987 646 2053 Profecto
660 1986 777 2051 coelum
797 2000 829 2051 et
851 1999 937 2051 terra
956 1986 1149 2063 transibunt,
1165 1986 1220 2050 sed

264 2111 328 2153 non
343 2090 441 2153 verba
450 2089 592 2154 Domini.
620 2091 710 2174 Ergo
720 2102 752 2153 et
762 2089 817 2175 qui
827 2111 910 2154 nunc
919 2089 1080 2175 praedator
1091 2100 1150 2168 est,
1159 2089 1220 2152 erit

265 2191 380 2276 etipse
398 2193 431 2256 in
447 2192 611 2276 praedam:
635 2205 667 2256 et
690 2191 747 2276 qui
771 2191 837 2256 sine
852 2190 1065 2255 misericordia
1082 2191 1219 2276 judicat,

266 2291 332 2355 siue
356 2292 572 2360 misericordia
595 2292 879 2357 condemnabitur:
917 2304 1044 2356 etcum
1074 2313 1221 2376 perverso

265 2405 466 2479 pervertetur
476 2406 507 2457 et
521 2397 622 2475 Deus,
633 2405 665 2457 et
676 2415 733 2478 per
745 2417 819 2477 quae
835 2394 978 2479 peccavit
991 2394 1073 2480 quis,
1085 2415 1143 2478 per
1152 2393 1221 2458 haec

266 2505 299 2557 et
315 2493 486 2578 punietur:
517 2506 549 2557 et
571 2516 630 2578 pro
647 2493 775 2578 justitia
797 2494 994 2580 patientibus
1016 2518 1099 2558 verae
1123 2494 1221 2561 beati-

267 2594 388 2660 tudinis
402 2594 534 2660 dabitur
556 2595 739 2661 consolatio.
787 2601 860 2661 Hoc
882 2596 995 2684 utique
1014 2596 1221 2683 probabilius

266 2719 363 2781 quam
387 2710 425 2761 ut
446 2697 562 2762 coelum
589 2710 622 2761 et
644 2711 729 2762 terra
753 2710 924 2775 transeant,
948 2703 1024 2786 quia
1043 2699 1220 2763 evidentior

265 2787 384 2865 assistit
398 2798 480 2864 ratio
500 2800 673 2885 aequitatis,
687 2800 742 2865 sed
757 2822 821 2864 non
843 2799 966 2868 verius:
997 2800 1073 2886 quia
1098 2812 1221 2865 utrum-

264 2922 328 2985 que
344 2901 405 2965 Dei
421 2901 584 2967 decretum
599 2915 659 2983 est,
672 2914 706 2969 et
721 2901 887 2987 integritas
902 2901 988 2971 fidei.
1030 2902 1148 2967 Valete.

277 3313 499 3377 EPISTOLA
523 3315 708 3379 COb-au
723 3265 909 3380 comaron
924 3335 1046 3380 nmium
1061 3337 1208 3382 narnus.

633 3416 679 3495 [A.
695 3436 727 3482 u.
746 3419 856 3499 1168]

483 3528 825 3658 xraamruinosam
838 3576 982 3657 naam.

307 3711 464 3772 MAGNUM
477 3706 600 3791 (frater)
617 3718 665 3771 est
680 3706 768 3791 quod
779 3705 995 3792 praerogativa
1006 3702 1106 3787 exigit
1117 3727 1218 3771 sacer·

265 3807 360 3886 dotis,
384 3808 438 3872 sed
463 3809 564 3892 gratia
587 3808 649 3872 Dei
672 3821 719 3872 est
742 3830 818 3893 quae
844 3804 984 3871 maxima
1008 3805 1117 3891 largiri
1145 3831 1219 3873 con·

266 3914 384 3974 suevit:
410 3910 476 3973 sine
498 3933 535 3972 ea
550 3908 630 3973 nihii
650 3921 755 3994 potest
779 3908 918 3973 humana
930 3908 1098 3993 fragilitas,
1114 3922 1146 3972 et
1161 3932 1218 3994 per

265 4034 334 4075 eam
357 4012 480 4097 quaevis
494 4010 660 4076 infirmitas
675 4009 716 4074 ad
733 4009 967 4096 quantumlibet
988 4008 1125 4094 grandia
1143 4031 1217 4071 oon-

266 4111 406 4190 valescit,
434 4124 471 4176 ut
497 4112 644 4197 exigente
666 4097 855 4177 'necessitate
884 4099 941 4175 vel¹
960 4108 1100 4174 utilitate
1125 4107 1216 4174 saliat

264 4212 347 4277 sicut
362 4235 474 4277 cervus
491 4214 635 4294 claudus,
650 4226 683 4278 et
698 4212 849 4298 eloquens
864 4213 906 4277 sit
919 4213 1032 4294 lingua
1045 4219 1217 4275 mutorum.

267 4313 307 4374 Iu
317 4334 386 4376 eam
396 4327 510 4399 crgote
519 4314 667 4400 projicias
676 4326 834 4391 totum,et
844 4326 882 4376 ut
890 4309 1217 4395 obtineasprofectum
