3034 5200
303 734 364 795 178
561 746 696 791 rolucus
712 744 993 790 sransnnnrnusrs
1168 724 1213 803 [s.
1226 745 1259 789 o.

302 898 397 973 dices,
410 906 560 960 verentur
574 894 741 975 delatores
751 893 841 980 quasi
857 894 925 957 sine
941 913 1050 956 eorum
1064 892 1260 958 conscicntia

303 997 416 1074 nullos,
440 1018 540 1082 quum
564 996 709 1060 voluntas
735 995 835 1076 adest,
858 994 977 1058 faciant
999 1005 1155 1079 sumptus.
1201 993 1261 1058 Est

303 1100 408 1165 cautio
432 1098 573 1184 praestita
596 1098 756 1183 potestati,
782 1109 868 1161 certa
892 1119 956 1160 non
980 1106 1069 1160 tenet
1095 1097 1259 1182 obligatio.

306 1200 440 1264 Timent
455 1222 561 1283 regem
584 1198 749 1284 probabile
769 1197 899 1283 quidem
916 1208 974 1274 est,
990 1207 1023 1261 et
1038 1197 1140 1282 magis
1162 1220 1259 1284 quam

304 1303 422 1367 Deum.
477 1302 563 1366 Nam
593 1323 692 1387 quum
723 1300 825 1365 altero
854 1300 1060 1385 praecipienta
1090 1300 1258 1385 prohibeat

304 1405 393 1480 alter,
411 1404 461 1469 vel
477 1415 596 1485 contra,
612 1403 815 1489 perspicuum
832 1413 880 1467 est
902 1403 954 1467 cui
975 1413 1134 1488 pareatur.
1178 1402 1258 1468 Exi·

303 1517 397 1591 getur
419 1508 549 1570 fortasse
571 1505 741 1591 purgatio:
777 1504 844 1568 sine
867 1503 1034 1589 dispendio
1056 1503 1259 1568 conscientiae

302 1619 335 1670 et
357 1607 452 1670 famae
474 1606 617 1692 praestari
640 1628 704 1669 non
728 1604 853 1690 poterit.
907 1604 1149 1669 Conducibilius
1171 1604 1256 1668 enim

303 1719 351 1772 est
373 1708 523 1772 subtilem
546 1708 746 1792 praetendere
769 1707 979 1772 reverentiam
1002 1717 1035 1770 et
1056 1706 1257 1792 privilegium

304 1810 380 1872 cleri
417 1810 472 1895 qui
502 1809 654 1873 immunis
687 1821 736 1874 est
768 1811 809 1874 ab
840 1810 1022 1894 hujusmodi
1055 1811 1255 1897 juramentis.

307 1909 371 1974 Sed
397 1910 512 1995 inquis,
538 1910 704 1975 nobiscum
726 1911 800 1995 jure
823 1911 873 1976 vel
901 1911 1022 1976 ratione
1049 1933 1112 1975 non
1142 1911 1256 1995 agitur,

304 2013 360 2076 sed
380 2013 495 2078 lurore.
542 2011 698 2098 Nunquid
726 2035 802 2096 ergo
828 2013 1006 2078 furentibus
1026 2013 1258 2077 confurendum

304 2125 352 2178 est
373 2115 492 2199 rejecto
509 2115 594 2198 jure,
609 2127 642 2178 et
664 2114 786 2178 ratione
808 2126 1001 2201 contempta.
1047 2115 1113 2182 Sed
1130 2129 1258 2180 auctore

304 2216 378 2280 Deo
392 2239 454 2301 pax
469 2215 612 2281 ecclesiae
632 2216 841 2281 videturesse
862 2218 895 2281 in
914 2217 1031 2303 januis.
1079 2217 1150 2282 Nec
1164 2217 1258 2282 rideo

303 2341 368 2406 qua
396 2319 499 2383 fronte
523 2319 555 2382 in
585 2319 693 2406 quiete
720 2320 819 2406 ipsius
844 2321 984 2385 audeant
1010 2342 1173 2406 apparere,
1203 2319 1258 2406 qui

304 2422 448 2487 videntes
484 2422 672 2508 periculum,
702 2434 736 2488 et
770 2423 886 2488 totiens
921 2423 1058 2488 invocati
1093 2421 1258 2508 naufragio

304 2525 373 2610 ejus
398 2525 477 2588 nihil
507 2524 616 2589 auxilii
646 2526 860 2603 contulerunt,
888 2526 1010 2590 utinam
1037 2526 1067 2589 ei
1091 2526 1142 2592 vel
1172 2549 1257 2590 nunc

305 2626 464 2692 Dominus
499 2649 590 2691 meus
619 2637 652 2690 et
681 2628 736 2691 alii
766 2627 862 2692 amici
891 2628 1054 2713 porrigant
1082 2629 1257 2711 dextoram,

304 2753 345 2794 ne
360 2753 414 2795 eos
428 2731 630 2816 postmodum
648 2730 812 2816 poeniteat,
823 2752 923 2816 quum
941 2731 1126 2816 navigantes
1138 2731 1256 2797 Christi

303 2832 473 2919 discipulos
496 2833 528 2895 in
550 2832 642 2897 litore
657 2832 797 2897 viderint
814 2832 967 2910 exultare,
988 2844 1021 2897 et
1040 2856 1074 2897 sa
1089 2834 1205 2911 vocari,
1221 2846 1257 2900 ut

304 2936 554 3021 comprandeant
568 2934 625 2999 illi.
672 2935 742 2999 Nec
756 2935 818 2998 hoc
833 2935 954 2999 dictum
970 2948 1073 3021 putes,
1086 2949 1123 3001 ut
1137 2937 1258 3023 aliquid

303 3036 382 3100 mihi
398 3037 556 3101 tribuatur
570 3038 625 3122 qui
641 3059 698 3122 per
712 3037 845 3121 gratiam
869 3039 932 3101 Dei
948 3050 981 3102 et
995 3038 1121 3103 illorum
1142 3040 1259 3126 quibus

303 3159 323 3200 a
344 3138 513 3221 juventute
538 3140 640 3203 coalui
660 3140 758 3204 floreo
782 3153 815 3204 et
839 3140 979 3222 abundo,
1001 3142 1058 3206 sad
1083 3142 1155 3207 Deo
1176 3154 1257 3208 teste

302 3239 448 3304 desidero
473 3240 652 3305 satisfacere
679 3242 812 3308 caritati.
842 3221 917 3307 ‘De
943 3255 999 3307 tuo
1024 3256 1057 3307 et
1082 3246 1256 3309 amicorum

303 3352 387 3404 statu
413 3340 565 3405 sollicitus
591 3343 738 3407 nuntium
766 3344 837 3409 misi
863 3357 1054 3430 praesentem
1078 3346 1154 3410 fidei
1177 3347 1256 3410 mihi

302 3443 462 3528 probatae:
494 3465 598 3529 aquo
621 3445 646 3507 si
669 3445 802 3529 dignum
826 3447 916 3512 ducis
937 3448 978 3512 de
1000 3469 1073 3511 meo
1094 3447 1256 3533 inquirere

301 3546 429 3632 poteris,
446 3556 479 3611 et
493 3546 579 3632 quod
594 3546 748 3632 placuerit
764 3548 869 3615 eidem
886 3572 994 3614 secure
1011 3548 1166 3613 intimare.

300 3856 521 3918 EPISTOLA
546 3859 797 3922 CCLXX.-Ao
812 3878 991 3924 armanum
1013 3875 1253 3921 consensurum

523 3975 781 4021 nonmcnusnu.
815 3962 903 4039 [nn.
925 3959 1030 4039 noa]

472 4108 558 4170 Idem
577 4105 713 4169 Girardo
731 4108 860 4169 Cellorio
877 4107 1073 4172 Norwiceati.

341 4240 502 4299 Gronnns
517 4232 612 4298 audio
632 4233 673 4296 da
694 4244 738 4313 te,
753 4232 968 4310 dilectissime,
985 4234 1070 4320 quod
1088 4234 1254 4299 honestam

299 4334 442 4398 ecclesiae
464 4335 624 4400 desideras
649 4346 682 4399 et
706 4356 812 4419 speras
838 4357 963 4420 pacem,
989 4358 1049 4400 nec
1076 4337 1255 4421 portionem
