<?xml version="1.0" encoding="UTF-8"?>
<!DOCTYPE html PUBLIC "-//W3C//DTD XHTML 1.0 Transitional//EN"
    "http://www.w3.org/TR/xhtml1/DTD/xhtml1-transitional.dtd">
<html xmlns="http://www.w3.org/1999/xhtml" xml:lang="en" lang="en">
 <head>
  <title>
</title>
<meta http-equiv="Content-Type" content="text/html;charset=utf-8" />
  <meta name='ocr-system' content='tesseract 3.04.00' />
  <meta name='ocr-capabilities' content='ocr_page ocr_carea ocr_par ocr_line ocrx_word'/>
</head>
<body>
  <div class='ocr_page' id='page_1' title='image "./joannissaresber11johngoog_0122.png"; bbox 0 0 3034 5200; ppageno 0'>
   <div class='ocr_carea' id='block_1_1' title="bbox 250 713 1199 792">
    <p class='ocr_par' dir='ltr' id='par_1_1' title="bbox 250 713 1199 792">
     <span class='ocr_line' id='line_1_1' title="bbox 250 713 1199 792; baseline -0.004 -16"><span class='ocrx_word' id='word_1_1' title='bbox 250 713 375 792; x_wconf 81' lang='lat'>1168.]·</span> <span class='ocrx_word' id='word_1_2' title='bbox 622 726 799 771; x_wconf 78' lang='lat' dir='ltr'>nersroma.</span> <span class='ocrx_word' id='word_1_3' title='bbox 1140 714 1199 772; x_wconf 76' lang='lat'>105</span> 
     </span>
    </p>
   </div>
   <div class='ocr_carea' id='block_1_2' title="bbox 173 879 1240 4008">
    <p class='ocr_par' dir='ltr' id='par_1_2' title="bbox 248 879 1202 1568">
     <span class='ocr_line' id='line_1_2' title="bbox 249 879 1197 965; baseline -0.004 -18"><span class='ocrx_word' id='word_1_4' title='bbox 249 895 284 947; x_wconf 89' lang='lat' dir='ltr'>nt</span> <span class='ocrx_word' id='word_1_5' title='bbox 299 883 557 965; x_wconf 83' lang='lat' dir='ltr'>archiepiscopus</span> <span class='ocrx_word' id='word_1_6' title='bbox 573 879 706 943; x_wconf 83' lang='lat' dir='ltr'><strong>accedat</strong></span> <span class='ocrx_word' id='word_1_7' title='bbox 717 880 758 942; x_wconf 92' lang='lat' dir='ltr'>ad</span> <span class='ocrx_word' id='word_1_8' title='bbox 770 879 957 943; x_wconf 85' lang='lat' dir='ltr'>Turonense</span> <span class='ocrx_word' id='word_1_9' title='bbox 972 881 1197 944; x_wconf 90' lang='lat' dir='ltr'>monasterium</span> 
     </span>
     <span class='ocr_line' id='line_1_3' title="bbox 248 979 1196 1067; baseline 0 -23"><span class='ocrx_word' id='word_1_10' title='bbox 248 984 436 1067; x_wconf 82' lang='lat' dir='ltr'>loquuturus</span> <span class='ocrx_word' id='word_1_11' title='bbox 449 983 478 1045; x_wconf 92' lang='lat' dir='ltr'>ei</span> <span class='ocrx_word' id='word_1_12' title='bbox 493 983 539 1044; x_wconf 95' lang='lat' dir='ltr'>ibi</span> <span class='ocrx_word' id='word_1_13' title='bbox 556 980 684 1064; x_wconf 91' lang='lat' dir='ltr'>quando</span> <span class='ocrx_word' id='word_1_14' title='bbox 696 979 842 1062; x_wconf 83' lang='lat' dir='ltr'><strong>proxime</strong></span> <span class='ocrx_word' id='word_1_15' title='bbox 857 1000 946 1059; x_wconf 87' lang='lat' dir='ltr'>reges</span> <span class='ocrx_word' id='word_1_16' title='bbox 962 982 1196 1064; x_wconf 82' lang='lat' dir='ltr'>colloquentur.</span> 
     </span>
     <span class='ocr_line' id='line_1_4' title="bbox 248 1081 1198 1166; baseline 0.001 -20"><span class='ocrx_word' id='word_1_17' title='bbox 248 1085 388 1146; x_wconf 84' lang='lat' dir='ltr'>Laborat</span> <span class='ocrx_word' id='word_1_18' title='bbox 409 1095 512 1148; x_wconf 90' lang='lat' dir='ltr'>autem</span> <span class='ocrx_word' id='word_1_19' title='bbox 537 1094 572 1146; x_wconf 92' lang='lat' dir='ltr'>ut</span> <span class='ocrx_word' id='word_1_20' title='bbox 591 1082 659 1165; x_wconf 89' lang='lat' dir='ltr'>ipse</span> <span class='ocrx_word' id='word_1_21' title='bbox 675 1102 732 1144; x_wconf 87' lang='lat' dir='ltr'>rex</span> <span class='ocrx_word' id='word_1_22' title='bbox 753 1092 786 1142; x_wconf 88' lang='lat' dir='ltr'>et</span> <span class='ocrx_word' id='word_1_23' title='bbox 806 1081 1066 1166; x_wconf 85' lang='lat' dir='ltr'>archiepiscopus</span> <span class='ocrx_word' id='word_1_24' title='bbox 1083 1085 1198 1148; x_wconf 87' lang='lat' dir='ltr'>c&#39;onve·</span> 
     </span>
     <span class='ocr_line' id='line_1_5' title="bbox 249 1181 1199 1268; baseline 0.001 -22"><span class='ocrx_word' id='word_1_25' title='bbox 249 1185 339 1248; x_wconf 89' lang='lat' dir='ltr'>niant</span> <span class='ocrx_word' id='word_1_26' title='bbox 354 1196 387 1247; x_wconf 88' lang='lat' dir='ltr'>et</span> <span class='ocrx_word' id='word_1_27' title='bbox 400 1207 457 1268; x_wconf 92' lang='lat' dir='ltr'>per</span> <span class='ocrx_word' id='word_1_28' title='bbox 472 1206 506 1246; x_wconf 88' lang='lat' dir='ltr'>se</span> <span class='ocrx_word' id='word_1_29' title='bbox 521 1181 609 1266; x_wconf 92' lang='lat' dir='ltr'>ipsos</span> <span class='ocrx_word' id='word_1_30' title='bbox 630 1182 670 1245; x_wconf 94' lang='lat' dir='ltr'>de</span> <span class='ocrx_word' id='word_1_31' title='bbox 691 1203 772 1265; x_wconf 86' lang='lat' dir='ltr'>pace</span> <span class='ocrx_word' id='word_1_32' title='bbox 788 1202 846 1244; x_wconf 90' lang='lat' dir='ltr'>sua</span> <span class='ocrx_word' id='word_1_33' title='bbox 859 1181 1036 1247; x_wconf 87' lang='lat' dir='ltr'>adinvicem</span> <span class='ocrx_word' id='word_1_34' title='bbox 1052 1196 1199 1249; x_wconf 88' lang='lat' dir='ltr'>tractent.</span> 
     </span>
     <span class='ocr_line' id='line_1_6' title="bbox 251 1282 1200 1369; baseline 0.002 -20"><span class='ocrx_word' id='word_1_35' title='bbox 251 1287 384 1349; x_wconf 89' lang='lat' dir='ltr'>Utinam</span> <span class='ocrx_word' id='word_1_36' title='bbox 400 1307 456 1348; x_wconf 83' lang='lat' dir='ltr'>ros</span> <span class='ocrx_word' id='word_1_37' title='bbox 479 1295 534 1348; x_wconf 92' lang='lat' dir='ltr'>aut</span> <span class='ocrx_word' id='word_1_38' title='bbox 555 1283 654 1366; x_wconf 87' lang='lat' dir='ltr'>aliqui</span> <span class='ocrx_word' id='word_1_39' title='bbox 676 1282 848 1345; x_wconf 88' lang='lat' dir='ltr'>amicorum</span> <span class='ocrx_word' id='word_1_40' title='bbox 871 1295 1048 1348; x_wconf 88' lang='lat' dir='ltr'>nostrorum</span> <span class='ocrx_word' id='word_1_41' title='bbox 1069 1288 1200 1369; x_wconf 85' lang='lat' dir='ltr'>praefato</span> 
     </span>
     <span class='ocr_line' id='line_1_7' title="bbox 251 1383 1202 1468; baseline 0.005 -20"><span class='ocrx_word' id='word_1_42' title='bbox 251 1388 365 1468; x_wconf 90' lang='lat' dir='ltr'>positis</span> <span class='ocrx_word' id='word_1_43' title='bbox 390 1388 544 1450; x_wconf 88' lang='lat' dir='ltr'>interesse</span> <span class='ocrx_word' id='word_1_44' title='bbox 575 1383 748 1467; x_wconf 92' lang='lat' dir='ltr'>colloquio,</span> <span class='ocrx_word' id='word_1_45' title='bbox 774 1395 806 1446; x_wconf 92' lang='lat' dir='ltr'>et</span> <span class='ocrx_word' id='word_1_46' title='bbox 830 1383 877 1447; x_wconf 93' lang='lat' dir='ltr'>ibi</span> <span class='ocrx_word' id='word_1_47' title='bbox 904 1386 1064 1449; x_wconf 91' lang='lat' dir='ltr'>certiorari</span> <span class='ocrx_word' id='word_1_48' title='bbox 1088 1387 1127 1451; x_wconf 93' lang='lat' dir='ltr'>de</span> <span class='ocrx_word' id='word_1_49' title='bbox 1150 1390 1202 1453; x_wconf 89' lang='lat' dir='ltr'>his</span> 
     </span>
     <span class='ocr_line' id='line_1_8' title="bbox 252 1483 674 1568; baseline -0.002 -19"><span class='ocrx_word' id='word_1_50' title='bbox 252 1508 323 1568; x_wconf 84' lang='lat' dir='ltr'>quae</span> <span class='ocrx_word' id='word_1_51' title='bbox 339 1486 456 1549; x_wconf 86' lang='lat' dir='ltr'>suerint</span> <span class='ocrx_word' id='word_1_52' title='bbox 470 1483 567 1566; x_wconf 91' lang='lat' dir='ltr'>digna</span> <span class='ocrx_word' id='word_1_53' title='bbox 582 1486 674 1548; x_wconf 87' lang='lat' dir='ltr'>scitu.</span> 
     </span>
    </p>

    <p class='ocr_par' dir='ltr' id='par_1_3' title="bbox 173 1586 1240 4008">
     <span class='ocr_line' id='line_1_9' title="bbox 295 1586 1201 1664; baseline 0.007 -15"><span class='ocrx_word' id='word_1_54' title='bbox 295 1589 378 1651; x_wconf 84' lang='lat' dir='ltr'>Haec</span> <span class='ocrx_word' id='word_1_55' title='bbox 395 1609 414 1648; x_wconf 89' lang='lat' dir='ltr'>a</span> <span class='ocrx_word' id='word_1_56' title='bbox 430 1587 519 1651; x_wconf 85' lang='lat' dir='ltr'>vobis</span> <span class='ocrx_word' id='word_1_57' title='bbox 535 1586 575 1650; x_wconf 89' lang='lat' dir='ltr'>ad</span> <span class='ocrx_word' id='word_1_58' title='bbox 591 1587 717 1649; x_wconf 92' lang='lat' dir='ltr'>tertium</span> <span class='ocrx_word' id='word_1_59' title='bbox 737 1608 804 1649; x_wconf 94' lang='lat' dir='ltr'>non</span> <span class='ocrx_word' id='word_1_60' title='bbox 827 1586 1017 1664; x_wconf 89' lang='lat' dir='ltr'>transibunt,</span> <span class='ocrx_word' id='word_1_61' title='bbox 1033 1611 1093 1654; x_wconf 90' lang='lat' dir='ltr'>nec</span> <span class='ocrx_word' id='word_1_62' title='bbox 1107 1591 1201 1655; x_wconf 90' lang='lat' dir='ltr'>inno·</span> 
     </span>
     <span class='ocr_line' id='line_1_10' title="bbox 253 1687 1202 1771; baseline 0.006 -21"><span class='ocrx_word' id='word_1_63' title='bbox 253 1699 354 1751; x_wconf 90' lang='lat' dir='ltr'>tescat</span> <span class='ocrx_word' id='word_1_64' title='bbox 369 1687 584 1751; x_wconf 88' lang='lat' dir='ltr'>cardinalibus</span> <span class='ocrx_word' id='word_1_65' title='bbox 607 1687 778 1771; x_wconf 90' lang='lat' dir='ltr'>quicquam</span> <span class='ocrx_word' id='word_1_66' title='bbox 795 1687 835 1750; x_wconf 88' lang='lat' dir='ltr'>de</span> <span class='ocrx_word' id='word_1_67' title='bbox 851 1688 913 1751; x_wconf 90' lang='lat' dir='ltr'>hoo</span> <span class='ocrx_word' id='word_1_68' title='bbox 936 1691 1067 1771; x_wconf 89' lang='lat' dir='ltr'>negotio</span> <span class='ocrx_word' id='word_1_69' title='bbox 1081 1691 1202 1756; x_wconf 91' lang='lat' dir='ltr'>domini</span> 
     </span>
     <span class='ocr_line' id='line_1_11' title="bbox 255 1788 1205 1875; baseline 0.006 -24"><span class='ocrx_word' id='word_1_70' title='bbox 255 1789 504 1867; x_wconf 90' lang='lat' dir='ltr'>Cantuariensis,</span> <span class='ocrx_word' id='word_1_71' title='bbox 519 1788 607 1872; x_wconf 92' lang='lat' dir='ltr'>quod</span> <span class='ocrx_word' id='word_1_72' title='bbox 628 1801 759 1873; x_wconf 90' lang='lat' dir='ltr'>propter</span> <span class='ocrx_word' id='word_1_73' title='bbox 773 1789 972 1873; x_wconf 88' lang='lat' dir='ltr'>colloquium</span> <span class='ocrx_word' id='word_1_74' title='bbox 987 1804 1137 1856; x_wconf 90' lang='lat' dir='ltr'>venturus</span> <span class='ocrx_word' id='word_1_75' title='bbox 1152 1795 1205 1875; x_wconf 89' lang='lat' dir='ltr'>sit,</span> 
     </span>
     <span class='ocr_line' id='line_1_12' title="bbox 254 1888 1203 1975; baseline 0.007 -22"><span class='ocrx_word' id='word_1_76' title='bbox 254 1893 304 1954; x_wconf 85' lang='lat' dir='ltr'>vel</span> <span class='ocrx_word' id='word_1_77' title='bbox 320 1892 406 1975; x_wconf 89' lang='lat' dir='ltr'>qnod</span> <span class='ocrx_word' id='word_1_78' title='bbox 422 1891 577 1955; x_wconf 90' lang='lat' dir='ltr'>industria</span> <span class='ocrx_word' id='word_1_79' title='bbox 592 1891 662 1973; x_wconf 85' lang='lat' dir='ltr'>ejus</span> <span class='ocrx_word' id='word_1_80' title='bbox 673 1888 926 1954; x_wconf 86' lang='lat' dir='ltr'>reconciliationi</span> <span class='ocrx_word' id='word_1_81' title='bbox 940 1913 1050 1974; x_wconf 86' lang='lat' dir='ltr'>regum</span> <span class='ocrx_word' id='word_1_82' title='bbox 1066 1896 1108 1958; x_wconf 90' lang='lat' dir='ltr'>sit</span> <span class='ocrx_word' id='word_1_83' title='bbox 1122 1895 1203 1960; x_wconf 89' lang='lat' dir='ltr'>adeo</span> 
     </span>
     <span class='ocr_line' id='line_1_13' title="bbox 255 1992 1204 2076; baseline 0.004 -19"><span class='ocrx_word' id='word_1_84' title='bbox 255 1994 441 2057; x_wconf 90' lang='lat' dir='ltr'>necessaria.</span> <span class='ocrx_word' id='word_1_85' title='bbox 484 1994 626 2076; x_wconf 82' lang='lat' dir='ltr'>Exque</span> <span class='ocrx_word' id='word_1_86' title='bbox 648 1993 759 2055; x_wconf 92' lang='lat' dir='ltr'>nuncii</span> <span class='ocrx_word' id='word_1_87' title='bbox 781 1992 849 2075; x_wconf 89' lang='lat' dir='ltr'>ejus</span> <span class='ocrx_word' id='word_1_88' title='bbox 867 1994 953 2076; x_wconf 91' lang='lat' dir='ltr'>quod</span> <span class='ocrx_word' id='word_1_89' title='bbox 967 1995 1001 2057; x_wconf 93' lang='lat' dir='ltr'>in</span> <span class='ocrx_word' id='word_1_90' title='bbox 1016 1997 1105 2059; x_wconf 88' lang='lat' dir='ltr'>brevi</span> <span class='ocrx_word' id='word_1_91' title='bbox 1120 1997 1204 2061; x_wconf 84' lang='lat' dir='ltr'>futu·</span> 
     </span>
     <span class='ocr_line' id='line_1_14' title="bbox 254 2095 1204 2179; baseline 0.006 -21"><span class='ocrx_word' id='word_1_92' title='bbox 254 2117 322 2158; x_wconf 92' lang='lat' dir='ltr'>rum</span> <span class='ocrx_word' id='word_1_93' title='bbox 339 2117 503 2179; x_wconf 88' lang='lat' dir='ltr'>speramus</span> <span class='ocrx_word' id='word_1_94' title='bbox 517 2095 678 2172; x_wconf 90' lang='lat' dir='ltr'>redierint,</span> <span class='ocrx_word' id='word_1_95' title='bbox 693 2095 786 2157; x_wconf 92' lang='lat' dir='ltr'>vobis</span> <span class='ocrx_word' id='word_1_96' title='bbox 802 2116 886 2158; x_wconf 83' lang='lat' dir='ltr'>nova</span> <span class='ocrx_word' id='word_1_97' title='bbox 901 2117 1009 2158; x_wconf 90' lang='lat' dir='ltr'>eorum</span> <span class='ocrx_word' id='word_1_98' title='bbox 1024 2098 1204 2179; x_wconf 89' lang='lat' dir='ltr'>significare</span> 
     </span>
     <span class='ocr_line' id='line_1_15' title="bbox 255 2195 1205 2281; baseline 0.006 -22"><span class='ocrx_word' id='word_1_99' title='bbox 255 2219 320 2259; x_wconf 91' lang='lat' dir='ltr'>non</span> <span class='ocrx_word' id='word_1_100' title='bbox 343 2198 573 2281; x_wconf 85' lang='lat' dir='ltr'>pigritabimur.</span> <span class='ocrx_word' id='word_1_101' title='bbox 619 2198 704 2259; x_wconf 91' lang='lat' dir='ltr'>Nam</span> <span class='ocrx_word' id='word_1_102' title='bbox 728 2197 759 2258; x_wconf 92' lang='lat' dir='ltr'>in</span> <span class='ocrx_word' id='word_1_103' title='bbox 783 2195 886 2260; x_wconf 89' lang='lat' dir='ltr'>reditu</span> <span class='ocrx_word' id='word_1_104' title='bbox 908 2218 1018 2261; x_wconf 89' lang='lat' dir='ltr'>eorum</span> <span class='ocrx_word' id='word_1_105' title='bbox 1043 2202 1205 2265; x_wconf 89' lang='lat' dir='ltr'>sanandus</span> 
     </span>
     <span class='ocr_line' id='line_1_16' title="bbox 255 2297 1206 2380; baseline 0.005 -19"><span class='ocrx_word' id='word_1_106' title='bbox 255 2299 393 2362; x_wconf 90' lang='lat' dir='ltr'>creditur</span> <span class='ocrx_word' id='word_1_107' title='bbox 408 2309 441 2360; x_wconf 88' lang='lat' dir='ltr'>et</span> <span class='ocrx_word' id='word_1_108' title='bbox 455 2298 649 2380; x_wconf 87' lang='lat' dir='ltr'>promittitur</span> <span class='ocrx_word' id='word_1_109' title='bbox 663 2297 813 2380; x_wconf 84' lang='lat' dir='ltr'>Cyrillus.</span> <span class='ocrx_word' id='word_1_110' title='bbox 858 2299 910 2360; x_wconf 86' lang='lat' dir='ltr'>De</span> <span class='ocrx_word' id='word_1_111' title='bbox 930 2312 1045 2363; x_wconf 85' lang='lat' dir='ltr'>caetero</span> <span class='ocrx_word' id='word_1_112' title='bbox 1054 2303 1206 2366; x_wconf 88' lang='lat' dir='ltr'>noveritis</span> 
     </span>
     <span class='ocr_line' id='line_1_17' title="bbox 254 2398 1205 2483; baseline 0.004 -21"><span class='ocrx_word' id='word_1_113' title='bbox 254 2421 313 2462; x_wconf 91' lang='lat' dir='ltr'>nos</span> <span class='ocrx_word' id='word_1_114' title='bbox 328 2398 467 2463; x_wconf 88' lang='lat' dir='ltr'>audiisse</span> <span class='ocrx_word' id='word_1_115' title='bbox 483 2420 541 2482; x_wconf 91' lang='lat' dir='ltr'>pro</span> <span class='ocrx_word' id='word_1_116' title='bbox 557 2411 644 2461; x_wconf 89' lang='lat' dir='ltr'>certo</span> <span class='ocrx_word' id='word_1_117' title='bbox 661 2398 748 2483; x_wconf 90' lang='lat' dir='ltr'>quod</span> <span class='ocrx_word' id='word_1_118' title='bbox 770 2399 931 2462; x_wconf 82' lang='lat' dir='ltr'>Hernicus</span> <span class='ocrx_word' id='word_1_119' title='bbox 946 2399 1014 2463; x_wconf 85' lang='lat' dir='ltr'>dux</span> <span class='ocrx_word' id='word_1_120' title='bbox 1029 2402 1205 2482; x_wconf 85' lang='lat' dir='ltr'>Saxonum,</span> 
     </span>
     <span class='ocr_line' id='line_1_18' title="bbox 173 2498 1203 2587; baseline 0.005 -23"><span class='ocrx_word' id='word_1_121' title='bbox 173 2515 175 2520; x_wconf 85' lang='grc'><strong>’</strong></span> <span class='ocrx_word' id='word_1_122' title='bbox 254 2504 289 2564; x_wconf 91' lang='lat' dir='ltr'>in</span> <span class='ocrx_word' id='word_1_123' title='bbox 304 2498 431 2564; x_wconf 83' lang='lat' dir='ltr'>sole&#39;nni</span> <span class='ocrx_word' id='word_1_124' title='bbox 451 2501 561 2584; x_wconf 85' lang='lat' dir='ltr'>praelio</span> <span class='ocrx_word' id='word_1_125' title='bbox 577 2501 678 2563; x_wconf 88' lang='lat' dir='ltr'>victus</span> <span class='ocrx_word' id='word_1_126' title='bbox 694 2512 743 2564; x_wconf 91' lang='lat' dir='ltr'>est</span> <span class='ocrx_word' id='word_1_127' title='bbox 757 2502 799 2564; x_wconf 91' lang='lat' dir='ltr'>ab</span> <span class='ocrx_word' id='word_1_128' title='bbox 815 2501 1055 2587; x_wconf 88' lang='lat' dir='ltr'>archiepiscopo</span> <span class='ocrx_word' id='word_1_129' title='bbox 1069 2506 1203 2586; x_wconf 86' lang='lat' dir='ltr'>Magdo-</span> 
     </span>
     <span class='ocr_line' id='line_1_19' title="bbox 254 2603 1206 2688; baseline 0.004 -20"><span class='ocrx_word' id='word_1_130' title='bbox 254 2603 416 2686; x_wconf 89' lang='lat' dir='ltr'>burgensi,</span> <span class='ocrx_word' id='word_1_131' title='bbox 445 2605 598 2688; x_wconf 91' lang='lat' dir='ltr'>episcopo</span> <span class='ocrx_word' id='word_1_132' title='bbox 626 2603 886 2681; x_wconf 86' lang='lat' dir='ltr'>Helvestadensi,</span> <span class='ocrx_word' id='word_1_133' title='bbox 911 2616 943 2668; x_wconf 93' lang='lat' dir='ltr'>et</span> <span class='ocrx_word' id='word_1_134' title='bbox 965 2607 1096 2670; x_wconf 89' lang='lat' dir='ltr'>Alberto</span> <span class='ocrx_word' id='word_1_135' title='bbox 1124 2630 1206 2672; x_wconf 88' lang='lat' dir='ltr'>mar·</span> 
     </span>
     <span class='ocr_line' id='line_1_20' title="bbox 256 2705 1205 2791; baseline 0.004 -20"><span class='ocrx_word' id='word_1_136' title='bbox 256 2708 382 2780; x_wconf 88' lang='lat' dir='ltr'>chione,</span> <span class='ocrx_word' id='word_1_137' title='bbox 413 2705 662 2790; x_wconf 89' lang='lat' dir='ltr'>cecideruntque</span> <span class='ocrx_word' id='word_1_138' title='bbox 694 2726 736 2768; x_wconf 89' lang='lat' dir='ltr'>ex</span> <span class='ocrx_word' id='word_1_139' title='bbox 766 2720 854 2788; x_wconf 88' lang='lat' dir='ltr'>parte</span> <span class='ocrx_word' id='word_1_140' title='bbox 891 2705 983 2771; x_wconf 93' lang='lat' dir='ltr'>ducis</span> <span class='ocrx_word' id='word_1_141' title='bbox 1012 2710 1205 2791; x_wconf 87' lang='lat' dir='ltr'>septingenti</span> 
     </span>
     <span class='ocr_line' id='line_1_21' title="bbox 254 2806 1206 2891; baseline 0.005 -21"><span class='ocrx_word' id='word_1_142' title='bbox 254 2808 371 2871; x_wconf 90' lang='lat' dir='ltr'>milites</span> <span class='ocrx_word' id='word_1_143' title='bbox 394 2819 427 2871; x_wconf 91' lang='lat' dir='ltr'>et</span> <span class='ocrx_word' id='word_1_144' title='bbox 453 2806 538 2891; x_wconf 88' lang='lat' dir='ltr'>capti</span> <span class='ocrx_word' id='word_1_145' title='bbox 563 2820 619 2870; x_wconf 91' lang='lat' dir='ltr'>aut</span> <span class='ocrx_word' id='word_1_146' title='bbox 644 2806 745 2869; x_wconf 92' lang='lat' dir='ltr'>occisi</span> <span class='ocrx_word' id='word_1_147' title='bbox 770 2817 844 2870; x_wconf 92' lang='lat' dir='ltr'>sunt</span> <span class='ocrx_word' id='word_1_148' title='bbox 868 2825 943 2870; x_wconf 84' lang='lat' dir='ltr'>xxn</span> <span class='ocrx_word' id='word_1_149' title='bbox 965 2808 1097 2872; x_wconf 89' lang='lat' dir='ltr'>comites</span> <span class='ocrx_word' id='word_1_150' title='bbox 1119 2822 1151 2874; x_wconf 93' lang='lat' dir='ltr'>et</span> <span class='ocrx_word' id='word_1_151' title='bbox 1171 2814 1206 2875; x_wconf 92' lang='lat' dir='ltr'>in</span> 
     </span>
     <span class='ocr_line' id='line_1_22' title="bbox 256 2909 1208 2996; baseline 0.003 -23"><span class='ocrx_word' id='word_1_152' title='bbox 256 2924 346 2993; x_wconf 90' lang='lat' dir='ltr'>parte</span> <span class='ocrx_word' id='word_1_153' title='bbox 369 2912 593 2995; x_wconf 91' lang='lat' dir='ltr'>episcoporum</span> <span class='ocrx_word' id='word_1_154' title='bbox 616 2910 698 2973; x_wconf 91' lang='lat' dir='ltr'>adeo</span> <span class='ocrx_word' id='word_1_155' title='bbox 720 2909 816 2993; x_wconf 90' lang='lat' dir='ltr'>pauci</span> <span class='ocrx_word' id='word_1_156' title='bbox 839 2909 1023 2973; x_wconf 87' lang='lat' dir='ltr'>ceciderunt</span> <span class='ocrx_word' id='word_1_157' title='bbox 1044 2922 1099 2976; x_wconf 92' lang='lat' dir='ltr'>aut</span> <span class='ocrx_word' id='word_1_158' title='bbox 1121 2915 1208 2996; x_wconf 89' lang='lat' dir='ltr'>capti</span> 
     </span>
     <span class='ocr_line' id='line_1_23' title="bbox 258 3010 1210 3097; baseline 0.003 -22"><span class='ocrx_word' id='word_1_159' title='bbox 258 3022 334 3075; x_wconf 85' lang='lat' dir='ltr'>sunt</span> <span class='ocrx_word' id='word_1_160' title='bbox 347 3025 383 3074; x_wconf 93' lang='lat' dir='ltr'>ut</span> <span class='ocrx_word' id='word_1_161' title='bbox 396 3013 503 3074; x_wconf 90' lang='lat' dir='ltr'>nullus</span> <span class='ocrx_word' id='word_1_162' title='bbox 519 3010 558 3074; x_wconf 93' lang='lat' dir='ltr'>de</span> <span class='ocrx_word' id='word_1_163' title='bbox 568 3011 695 3095; x_wconf 89' lang='lat' dir='ltr'>jactura</span> <span class='ocrx_word' id='word_1_164' title='bbox 711 3020 869 3093; x_wconf 89' lang='lat' dir='ltr'>queratur.</span> <span class='ocrx_word' id='word_1_165' title='bbox 900 3011 1029 3075; x_wconf 89' lang='lat' dir='ltr'>Studuit</span> <span class='ocrx_word' id='word_1_166' title='bbox 1039 3012 1210 3097; x_wconf 88' lang='lat' dir='ltr'>imperator</span> 
     </span>
     <span class='ocr_line' id='line_1_24' title="bbox 261 3111 1208 3197; baseline 0.005 -21"><span class='ocrx_word' id='word_1_167' title='bbox 261 3113 338 3176; x_wconf 90' lang='lat' dir='ltr'>duci</span> <span class='ocrx_word' id='word_1_168' title='bbox 368 3113 536 3175; x_wconf 80' lang='lat' dir='ltr'>reformare</span> <span class='ocrx_word' id='word_1_169' title='bbox 565 3132 690 3193; x_wconf 92' lang='lat' dir='ltr'>pacem,</span> <span class='ocrx_word' id='word_1_170' title='bbox 714 3111 771 3174; x_wconf 88' lang='lat' dir='ltr'>sed</span> <span class='ocrx_word' id='word_1_171' title='bbox 800 3112 861 3195; x_wconf 90' lang='lat' dir='ltr'>ipsi</span> <span class='ocrx_word' id='word_1_172' title='bbox 890 3133 957 3176; x_wconf 90' lang='lat' dir='ltr'>non</span> <span class='ocrx_word' id='word_1_173' title='bbox 988 3115 1208 3197; x_wconf 88' lang='lat' dir='ltr'>acquiescunt,</span> 
     </span>
     <span class='ocr_line' id='line_1_25' title="bbox 259 3212 1210 3297; baseline 0.008 -23"><span class='ocrx_word' id='word_1_174' title='bbox 259 3212 399 3275; x_wconf 84' lang='lat' dir='ltr'>maxime</span> <span class='ocrx_word' id='word_1_175' title='bbox 423 3224 458 3274; x_wconf 88' lang='lat' dir='ltr'>nt</span> <span class='ocrx_word' id='word_1_176' title='bbox 479 3214 537 3275; x_wconf 92' lang='lat' dir='ltr'>sub</span> <span class='ocrx_word' id='word_1_177' title='bbox 561 3215 693 3275; x_wconf 91' lang='lat' dir='ltr'>obtentu</span> <span class='ocrx_word' id='word_1_178' title='bbox 718 3234 838 3295; x_wconf 83' lang='lat' dir='ltr'>guerrae</span> <span class='ocrx_word' id='word_1_179' title='bbox 860 3235 895 3278; x_wconf 89' lang='lat' dir='ltr'>se</span> <span class='ocrx_word' id='word_1_180' title='bbox 921 3215 1046 3297; x_wconf 87' lang='lat' dir='ltr'>possint</span> <span class='ocrx_word' id='word_1_181' title='bbox 1068 3238 1087 3279; x_wconf 91' lang='lat' dir='ltr'>a</span> <span class='ocrx_word' id='word_1_182' title='bbox 1108 3219 1210 3282; x_wconf 86' lang='lat' dir='ltr'>schis-</span> 
     </span>
     <span class='ocr_line' id='line_1_26' title="bbox 258 3306 1240 3399; baseline 0.011 -24"><span class='ocrx_word' id='word_1_183' title='bbox 258 3314 447 3376; x_wconf 90' lang='lat' dir='ltr'>maticorum</span> <span class='ocrx_word' id='word_1_184' title='bbox 464 3314 621 3378; x_wconf 91' lang='lat' dir='ltr'>consortio</span> <span class='ocrx_word' id='word_1_185' title='bbox 637 3335 793 3398; x_wconf 88' lang='lat' dir='ltr'>separare.</span> <span class='ocrx_word' id='word_1_186' title='bbox 831 3318 1007 3399; x_wconf 87' lang='lat' dir='ltr'>Imperator</span> <span class='ocrx_word' id='word_1_187' title='bbox 1021 3317 1210 3386; x_wconf 85' lang='lat' dir='ltr'>Teutonicis</span> <span class='ocrx_word' id='word_1_188' title='bbox 1233 3306 1240 3316; x_wconf 51' lang='grc'>’</span> 
     </span>
     <span class='ocr_line' id='line_1_27' title="bbox 258 3416 1209 3500; baseline 0.009 -22"><span class='ocrx_word' id='word_1_189' title='bbox 258 3424 290 3478; x_wconf 89' lang='lat' dir='ltr'>et</span> <span class='ocrx_word' id='word_1_190' title='bbox 303 3416 491 3479; x_wconf 87' lang='lat' dir='ltr'>Alemannis</span> <span class='ocrx_word' id='word_1_191' title='bbox 505 3428 584 3480; x_wconf 91' lang='lat' dir='ltr'>nutu</span> <span class='ocrx_word' id='word_1_192' title='bbox 607 3417 670 3479; x_wconf 90' lang='lat' dir='ltr'>Dei</span> <span class='ocrx_word' id='word_1_193' title='bbox 685 3438 726 3480; x_wconf 87' lang='lat' dir='ltr'>ex</span> <span class='ocrx_word' id='word_1_194' title='bbox 742 3418 883 3481; x_wconf 87' lang='lat' dir='ltr'>maxima</span> <span class='ocrx_word' id='word_1_195' title='bbox 897 3428 986 3500; x_wconf 90' lang='lat' dir='ltr'>parte</span> <span class='ocrx_word' id='word_1_196' title='bbox 1003 3418 1097 3483; x_wconf 88' lang='lat' dir='ltr'>datus</span> <span class='ocrx_word' id='word_1_197' title='bbox 1112 3435 1160 3486; x_wconf 92' lang='lat' dir='ltr'>est</span> <span class='ocrx_word' id='word_1_198' title='bbox 1173 3424 1209 3486; x_wconf 91' lang='lat' dir='ltr'>in</span> 
     </span>
     <span class='ocr_line' id='line_1_28' title="bbox 260 3516 1209 3603; baseline 0.007 -24"><span class='ocrx_word' id='word_1_199' title='bbox 260 3516 367 3580; x_wconf 91' lang='lat' dir='ltr'>odium</span> <span class='ocrx_word' id='word_1_200' title='bbox 394 3528 425 3580; x_wconf 90' lang='lat' dir='ltr'>et</span> <span class='ocrx_word' id='word_1_201' title='bbox 448 3528 678 3603; x_wconf 89' lang='lat' dir='ltr'>contemptum.</span> <span class='ocrx_word' id='word_1_202' title='bbox 732 3518 918 3595; x_wconf 91' lang='lat' dir='ltr'>Lombardi,</span> <span class='ocrx_word' id='word_1_203' title='bbox 943 3519 977 3580; x_wconf 91' lang='lat' dir='ltr'>in</span> <span class='ocrx_word' id='word_1_204' title='bbox 1000 3519 1209 3601; x_wconf 83' lang='lat' dir='ltr'>ignominiam</span> 
     </span>
     <span class='ocr_line' id='line_1_29' title="bbox 259 3620 1212 3703; baseline 0.006 -22"><span class='ocrx_word' id='word_1_205' title='bbox 259 3620 469 3703; x_wconf 90' lang='lat' dir='ltr'>imperatoris,</span> <span class='ocrx_word' id='word_1_206' title='bbox 494 3622 527 3683; x_wconf 89' lang='lat' dir='ltr'>in</span> <span class='ocrx_word' id='word_1_207' title='bbox 557 3630 660 3685; x_wconf 92' lang='lat' dir='ltr'>castro</span> <span class='ocrx_word' id='word_1_208' title='bbox 691 3620 744 3683; x_wconf 92' lang='lat' dir='ltr'>cui</span> <span class='ocrx_word' id='word_1_209' title='bbox 769 3621 967 3683; x_wconf 89' lang='lat' dir='ltr'>Roboretum</span> <span class='ocrx_word' id='word_1_210' title='bbox 991 3640 1108 3682; x_wconf 91' lang='lat' dir='ltr'>nomen</span> <span class='ocrx_word' id='word_1_211' title='bbox 1134 3634 1212 3702; x_wconf 89' lang='lat' dir='ltr'>erat,</span> 
     </span>
     <span class='ocr_line' id='line_1_30' title="bbox 259 3719 1211 3805; baseline 0.004 -23"><span class='ocrx_word' id='word_1_212' title='bbox 259 3719 412 3784; x_wconf 88' lang='lat' dir='ltr'>edificant</span> <span class='ocrx_word' id='word_1_213' title='bbox 421 3722 577 3785; x_wconf 87' lang='lat' dir='ltr'>civitatem</span> <span class='ocrx_word' id='word_1_214' title='bbox 588 3743 688 3805; x_wconf 90' lang='lat' dir='ltr'>prope</span> <span class='ocrx_word' id='word_1_215' title='bbox 699 3720 846 3804; x_wconf 86' lang='lat' dir='ltr'>Papiam,</span> <span class='ocrx_word' id='word_1_216' title='bbox 855 3739 950 3802; x_wconf 90' lang='lat' dir='ltr'>quam</span> <span class='ocrx_word' id='word_1_217' title='bbox 960 3719 1211 3786; x_wconf 85' lang='lat' dir='ltr'>Alexandrinam</span> 
     </span>
     <span class='ocr_line' id='line_1_31' title="bbox 259 3819 1211 3905; baseline 0.003 -22"><span class='ocrx_word' id='word_1_218' title='bbox 259 3823 422 3905; x_wconf 87' lang='lat' dir='ltr'>appellant</span> <span class='ocrx_word' id='word_1_219' title='bbox 443 3823 476 3885; x_wconf 92' lang='lat' dir='ltr'>in</span> <span class='ocrx_word' id='word_1_220' title='bbox 499 3820 652 3886; x_wconf 88' lang='lat' dir='ltr'>honorem</span> <span class='ocrx_word' id='word_1_221' title='bbox 675 3842 769 3904; x_wconf 87' lang='lat' dir='ltr'>papae</span> <span class='ocrx_word' id='word_1_222' title='bbox 785 3819 962 3884; x_wconf 88' lang='lat' dir='ltr'>Alexandri</span> <span class='ocrx_word' id='word_1_223' title='bbox 983 3830 1015 3883; x_wconf 92' lang='lat' dir='ltr'>et</span> <span class='ocrx_word' id='word_1_224' title='bbox 1036 3823 1211 3902; x_wconf 85' lang='lat' dir='ltr'>pernicicm</span> 
     </span>
     <span class='ocr_line' id='line_1_32' title="bbox 261 3924 476 4008; baseline -0.009 -21"><span class='ocrx_word' id='word_1_225' title='bbox 261 3924 476 4008; x_wconf 89' lang='lat' dir='ltr'>Papiensium.</span> 
     </span>
    </p>
   </div>
   <div class='ocr_carea' id='block_1_3' title="bbox 0 0 1540 5200">
    <p class='ocr_par' dir='ltr' id='par_1_4' title="bbox 0 0 1540 5200">
     <span class='ocr_line' id='line_1_33' title="bbox 0 0 1540 5200; baseline 0 0"><span class='ocrx_word' id='word_1_226' title='bbox 0 0 1540 5200; x_wconf 95' lang='lat' dir='ltr'> </span> 
     </span>
    </p>
   </div>
  </div>
 </body>
</html>
