3034 5200
284 725 390 803 1162]
666 741 843 787 nersronn.
1192 725 1234 783 53

277 892 353 955 inde
367 893 400 956 in
415 914 503 957 oram
519 893 697 957 vestimenti
712 892 880 968 derivatur,
895 901 931 955 ut
945 914 1003 976 pro
1023 891 1141 954 divinae
1166 890 1230 954 dis·

278 995 474 1076 pensationis
498 994 639 1066 decreto,
663 1006 696 1058 et
722 995 905 1058 meritorum
930 994 1031 1076 gratia
1054 993 1230 1074 quemlibet

279 1096 385 1177 irriget
404 1098 591 1159 electorum.
636 1095 781 1171 Utinam,
800 1092 1006 1157 dilectissime
1029 1093 1170 1172 domine,
1189 1092 1231 1157 de

279 1197 340 1261 hae
357 1195 559 1279 plenitudine
574 1205 678 1258 vestra
698 1195 820 1277 aliquid
843 1195 1039 1278 accipiamus
1061 1207 1093 1258 et
1114 1216 1184 1272 nos,
1198 1204 1231 1257 et

280 1299 461 1379 agonizanti
475 1297 623 1360 eeclesiae
638 1296 748 1377 prosit,
764 1293 851 1379 quod
866 1295 899 1358 in
914 1306 1093 1379 conspeetu
1107 1296 1231 1362 domini

278 1399 361 1480 regis
377 1399 508 1479 gratiam
519 1397 695 1460 invenistis.
725 1397 807 1468 Quae
818 1397 859 1460 sit
868 1397 955 1458 enim
964 1395 1106 1459 conditio
1121 1406 1231 1460 nostra

281 1521 347 1562 non
362 1499 498 1582 expedit
511 1499 673 1582 replicare,
685 1519 786 1581 quum
803 1499 902 1575 vobis,
914 1510 947 1560 et
961 1497 1001 1560 de
1016 1518 1113 1560 causa
1128 1505 1232 1558 restra

281 1600 408 1682 plenius
432 1607 566 1676 constet,
585 1610 618 1661 et
641 1599 799 1661 immerita
821 1619 927 1680 prena.
972 1598 1037 1662 Sed
1061 1597 1231 1660 consilium

281 1701 407 1763 salubre
429 1700 471 1764 ad
493 1700 732 1777 conscientiam,
754 1710 787 1763 et
807 1700 977 1763 honestum
1003 1699 1046 1762 ad
1070 1700 1186 1762 famam
1212 1718 1233 1761 a

285 1801 548 1885 vobisimpetrare
557 1821 723 1883 operosum
733 1811 793 1874 est,
803 1809 939 1883 etprece
950 1798 1093 1880 dignum.
1115 1799 1234 1870 Quam-

284 1902 331 1964 vis
363 1903 447 1966 enim
483 1902 562 1965 mihi
595 1901 701 1964 adsint
734 1900 876 1964 subsidia
905 1900 1135 1982 temporalium,
1161 1898 1234 1961 Deo

281 2004 428 2087 propitio,
444 2025 509 2067 non
530 2001 628 2065 modo
643 2002 685 2065 ad
703 2002 936 2080 necessitatem,
952 2000 1009 2063 sed
1023 2000 1065 2063 ad
1080 2000 1235 2080 gloriam

280 2112 386 2165 tamen
397 2113 556 2186 quatenus
571 2104 659 2165 salva
667 2101 847 2180 integritate
858 2101 1064 2165 conscientiae
1074 2112 1106 2163 et
1116 2101 1232 2163 bones·

283 2211 348 2265 tate
361 2203 456 2267 famae
474 2204 609 2280 licuerit,
627 2213 754 2284 paratus
772 2223 841 2264 sum
858 2201 957 2285 juxta
977 2202 1145 2264 consilium
1167 2222 1237 2275 ves,

284 2315 366 2366 trum
396 2304 519 2367 domini
548 2303 634 2385 regis
665 2301 798 2383 gratiam
827 2304 1009 2384 promereri,
1038 2303 1120 2365 nihil
1149 2302 1237 2366 enim
1289 2307 1295 2317 '

284 2402 430 2486 spondeo
453 2414 565 2467 contra
588 2402 707 2478 Deum,
732 2414 788 2465 aut
812 2403 840 2466 si
864 2423 1006 2488 unquam
1028 2411 1236 2485 temptavero,

287 2522 376 2566 meos
391 2514 524 2567 conatus
538 2503 642 2585 pietas
656 2502 726 2586 ejus
740 2503 904 2586 impediat.
939 2505 1063 2567 Valete.

308 2853 531 2919 EPISTOLA
554 2854 766 2921 CCXL-an
782 2871 958 2919 mosenum
973 2870 1219 2919 corsranrmn·

451 2969 518 3018 serr
533 2973 824 3020 anomnmoouurr.
872 2955 959 3035 [nn.
977 2954 1086 3035 1167.]

331 3136 493 3216 Mapistro
507 3138 649 3201 Ricardo
663 3139 823 3221 Epieoopo
838 3141 1080 3204 Constantiani
1093 3140 1206 3203 Areli-

293 3277 295 3282 -
698 3239 839 3304 diacono.

331 3394 551 3459 Pnoscmeslr
572 3418 623 3460 me
646 3398 754 3479 gratis,
777 3399 863 3484 quod
885 3400 973 3463 novit
992 3400 1186 3477 Altissimus,
1205 3412 1239 3470 er

288 3518 344 3559 vos
358 3498 439 3562 seire
462 3499 605 3577 arbitror,
620 3500 773 3563 violentia
792 3501 933 3583 publicae
953 3503 1140 3583 potestatis;
1170 3502 1240 3580 sed,

288 3598 372 3661 unde
397 3598 439 3662 ad
461 3600 631 3681 gratiarum
652 3621 719 3663 non
741 3602 866 3665 sufficio
888 3601 1057 3679 actionem,
1079 3605 1171 3667 Deus
1193 3602 1240 3667 sio

287 3699 402 3763 itinera
427 3722 498 3764 mea
520 3702 636 3766 direxit
662 3713 693 3765 et
716 3723 825 3786 opera,
844 3716 880 3766 ut
898 3723 1001 3765 rerum
1022 3704 1241 3786 experimento

289 3800 466 3877 didicerim,
482 3802 558 3884 quia
577 3823 650 3865 eum
671 3803 858 3866 timentibus
880 3803 962 3865 nihil
985 3803 1084 3879 deest,
1100 3805 1158 3868 sed
1179 3826 1241 3871 nec

288 3901 427 3986 aliquem
442 3903 681 3969 coexulantium
695 3903 782 3980 novi,
798 3904 861 3981 eui,
874 3924 941 3967 non
957 3903 1041 3984 dico,
1055 3906 1243 3982 tolerabilis,

291 4001 347 4065 sed
357 4002 507 4088 jucunde
522 4026 592 4068 esse
608 4026 675 4067 non
687 4004 803 4068 debeat
814 4005 955 4069 conditio
968 4029 1035 4071 sua.
1065 4008 1122 4068 Me
1138 4016 1243 4069 tamen

291 4103 388 4188 (quod
420 4104 488 4168 sine
517 4105 628 4169 timore
658 4126 724 4168 non
754 4105 901 4188 eloquor)
931 4108 1091 4171 Dominus
1121 4104 1244 4169 eaeteris

292 4205 400 4269 mitius
415 4215 539 4283 tractat,
551 4214 584 4269 et
598 4206 736 4269 uberiori
752 4206 974 4289 temporalium
989 4202 1154 4269 affluentia
1168 4221 1248 4267 con·

294 4306 429 4387 solatur:
456 4306 589 4369 fortasse
611 4306 780 4387 indignum
800 4317 962 4390 reputans,
977 4306 1032 4392 qni
1053 4300 1177 4388 aliquid
1191 4304 1251 4370 ad·
