3034 5200
311 699 352 758 66
544 709 550 723 ·
590 715 727 762 sossius
742 715 1021 763 saassnnernusm
1170 701 1215 781 [ι.
1232 718 1264 763 n.

308 875 357 930 est
367 867 443 946 Aar,
452 880 484 931 et
498 868 580 932 muri
591 867 660 952 ejus
675 866 792 952 dejecti
802 879 877 934 sunt
891 870 1044 948 funditus,
1055 882 1091 934 ιιι
1104 871 1265 936 exultatio

306 968 407 1054 Moab
430 989 474 1033 ex
498 968 691 1033 necessitate
713 968 811 1033 Petro
833 969 954 1035 cedens
975 970 1016 1035 de
1041 981 1159 1035 catere
1185 993 1263 1036 con-

306 1069 458 1153 quiescat.
503 1070 601 1135 Unde
623 1091 698 1154 spes
713 1081 763 1135 est
783 1071 818 1135 in
834 1073 987 1151 Domino,
1002 1081 1039 1136 ιιι
1059 1072 1262 1137 vociferanti·

306 1169 367 1232 bus
388 1170 475 1234 tubis
489 1169 742 1235 sacerdotalibus
761 1171 795 1235 in
816 1173 965 1256 proximo
988 1182 1117 1236 conuat
1131 1182 1163 1236 et
1178 1174 1261 1236 Hie·

305 1271 406 1350 richo,
415 1284 447 1336 et
457 1293 589 1354 regnum
600 1273 730 1355 proprio
742 1273 899 1355 sanguine
909 1273 1105 1358 adquisitum
1116 1271 1262 1338 obtineat

305 1373 515 1458 triumphator
528 1374 549 1438 J
551 1393 635 1451 esus,
646 1382 678 1436 et
691 1373 725 1435 in
739 1394 821 1457 pace
835 1372 1002 1457 possideat
1016 1374 1105 1458 qnod
1119 1375 1168 1439 sui
1178 1374 1262 1458 juris

304 1485 353 1540 est
367 1495 505 1560 sponsus
519 1485 551 1538 et
565 1485 673 1538 custos
687 1475 836 1539 ecclesiae
850 1476 1007 1541 Christus.
1050 1477 1158 1549 Quum
1172 1475 1261 1539 enim

304 1576 470 1642 Romanus
485 1576 628 1659 pontifex
643 1597 701 1660 per
719 1576 907 1659 patientiam
922 1577 1139 1642 Teutonicum
1154 1585 1264 1660 tyran·

305 1697 382 1741 num
406 1676 525 1740 diutius
547 1684 760 1758 expectasset,
774 1687 810 1740 ut
830 1679 882 1740 vel
904 1677 952 1742 sic
974 1687 1201 1762 provocaretur
1217 1677 1261 1741 ad

305 1778 536 1860 poenitentiam,
554 1785 585 1840 et
607 1777 838 1856 schismaticus,
852 1781 990 1844 abutens
1008 1781 1164 1865 patientia
1182 1780 1265 1865 ejus,

302 1888 435 1962 peccata
446 1877 586 1962 peccatis
601 1877 733 1942 adderet
741 1878 873 1962 jugiter,
885 1890 921 1945 nt
934 1901 1020 1944 error
1035 1881 1070 1944 in
1084 1881 1258 1944 amentiam

302 1992 481 2058 verteretur,
498 1980 635 2044 vicarius
650 1982 738 2045 Petri
757 2001 777 2046 a
794 1983 935 2048 Domino
955 1983 1147 2049 constitutus
1162 2005 1260 2066 super

302 2094 425 2166 gentes,
449 2093 482 2147 et
505 2103 614 2163 regna,
641 2085 750 2163 Italos,
775 2094 808 2149 et
833 2085 1022 2170 omnesqui
1044 2085 1259 2163 eiexcausa

303 2184 429 2268 imperii
458 2192 490 2248 et
525 2183 615 2265 regni
649 2183 803 2266 religione
831 2183 1040 2271 jurisjurandi
1068 2185 1259 2249 tenebantur

304 2286 435 2365 astricti,
460 2307 480 2350 a
509 2284 663 2348 fidelitate
691 2285 762 2370 ejus
791 2288 945 2353 absolsit:
980 2295 1013 2352 et
1042 2286 1168 2351 Italiam
1193 2286 1259 2349 fere

304 2395 402 2452 totam
420 2409 440 2452 a
458 2386 540 2451 facie
561 2386 694 2450 furentis
713 2398 744 2452 et
764 2388 930 2472 praesentis
949 2398 1039 2454 tanta
1058 2388 1210 2454 felicitate
1225 2396 1259 2452 et

304 2488 466 2553 celeritate
481 2487 680 2568 excurritur
693 2488 728 2552 in
744 2511 784 2554 ea
798 2490 882 2555 nihil
895 2491 1014 2555 habere
1029 2490 1186 2569 videatur,
1193 2489 1257 2554 nisi

304 2602 449 2673 tortores,
470 2614 552 2677 quos
571 2592 668 2656 evitat
685 2592 857 2669 interdum,
878 2605 910 2657 et
928 2594 1156 2675 angustiarum,
1176 2614 1258 2677 quas

303 2691 420 2758 evitare
450 2715 516 2758 non
546 2703 661 2776 potest,
691 2693 770 2777 juge
799 2693 1004 2776 supplicium·
1053 2692 1196 2755 Abstulit
1224 2693 1256 2756 ei

302 2795 398 2860 etiarn
414 2798 533 2880 regiam
548 2794 748 2878 dignitatem,
763 2794 933 2876 ipsumque
953 2791 1154 2855 anathemate
1175 2815 1256 2856 con·

302 2896 479 2963 demnerit:
511 2910 544 2962 et
560 2896 702 2961 inhibuit
718 2894 905 2959 auctoritate
921 2894 985 2959 Dei
1005 2913 1047 2956 ne
1070 2892 1151 2957 vires
1173 2897 1257 2959 ullas

301 2996 416 3063 amodo
445 3000 477 3061 in
503 2999 629 3063 bellicis
658 2995 938 3080 congressionibus
963 2996 1098 3058 habeatr
1132 3006 1188 3060 aut
1213 2995 1254 3059 de

302 3099 485 3163 Christiano
505 3098 615 3182 aliquo
633 3101 799 3165 victoriam
818 3110 1041 3184 consequatur,
1061 3108 1118 3163 aut
1136 3100 1255 3164 alicubi

300 3199 407 3285 quiete
435 3209 469 3263 et
494 3220 575 3282 pace
605 3200 753 3280 gaudeat,
777 3202 881 3266 donec
908 3202 1030 3267 frustm
1054 3191 1254 3286 paenitentiae

300 3300 475 3383 condignos
490 3308 646 3385 operetur.
692 3300 730 3363 In
748 3324 813 3386 quo
829 3313 983 3387 sequutus
1004 3311 1052 3366 est
1067 3305 1254 3387 exemplum

300 3401 447 3481 Gregorii
457 3418 516 3475 vn,
527 3400 704 3464 decessoris
716 3402 780 3480 sui,
788 3403 844 3486 qui
852 3413 962 3467 nostra
973 3412 1064 3465 aetate
1075 3402 1255 3466 Henricnm

296 3504 519 3588 imperatorem
539 3502 686 3566 ecclesias
709 3502 878 3587 privilegia
895 3504 1131 3567 convellentem
1154 3501 1252 3585 depo·

298 3628 378 3670 nens
386 3605 420 3668 in
433 3604 572 3671 concilio
583 3605 730 3669 Romano
740 3605 837 3694 simili
845 3605 1004 3669 sententia
1013 3601 1253 3683 condemnavit,

298 3716 331 3770 et
347 3706 477 3789 quidem
492 3710 549 3771 illa
565 3708 723 3771 sententia
738 3708 887 3770 effectum
904 3706 1013 3770 sortita
1027 3710 1095 3767 est:
1122 3713 1156 3766 et
1169 3704 1253 3767 hanc

298 3807 338 3871 de
354 3804 523 3889 privilegio
538 3808 744 3874 Petrilatam
759 3806 884 3871 videtur
904 3808 973 3891 ipse
988 3804 1150 3867 Dominus
1172 3825 1250 3867 con-

297 3910 448 3974 firmasse.
496 3908 570 3970 Hoc
587 3908 674 3971 enim
695 3908 769 3972 Itali
783 3907 903 3985 audito,
918 3908 958 3970 ab
980 3927 1018 3969 eo
1038 3904 1253 3982 discedentes,

296 4004 1253 4086 reedificaveruntMediolanum‚schismaucosexpulerunt,

297 4110 482 4177 catholicos
500 4105 696 4171 reduxeruut
715 4101 898 4188 episcopos,
913 4114 947 4166 et
963 4103 1160 4187 Apostolicra
1179 4104 1252 4168 sedi

296 4211 487 4278 unanimiter
512 4208 722 4274 adheserunt.
769 4204 835 4269 Sed
860 4203 940 4289 quid
969 4217 1046 4269 nota
1074 4204 1248 4271 recenseo?

298 4313 372 4380 Hoc
396 4313 507 4397 utique
522 4315 667 4377 locorum
681 4310 766 4376 sama
781 4307 872 4392 qnasi
894 4307 1057 4392 praeconia
1071 4328 1151 4373 roae
1174 4330 1251 4374 cou-
