3034 5200
264 734 373 812 1168.]
652 747 829 795 srrsrotsr.
1156 736 1213 794 lll

260 905 367 967 minus
381 903 483 966 seduli
500 901 628 965 fuerunt
642 901 677 963 in
692 901 868 964 obtinenda
887 902 1087 965 revocatione
1103 910 1215 979 vestra,

260 1007 456 1090 negligentia
485 1026 593 1068 eorum
624 1004 802 1069 mandatori
832 1027 898 1068 non
927 1006 1023 1069 debet
1052 1005 1213 1088 imputari.

260 1109 395 1171 Constat
414 1106 532 1171 etenim
549 1105 589 1168 de
611 1104 773 1183 mandato,
787 1116 818 1169 et
833 1105 874 1168 de
895 1105 1084 1169 nunciorum
1107 1125 1214 1187 spera·

260 1210 353 1272 batur
366 1206 533 1271 industria.
567 1206 638 1270 Nec
654 1205 778 1280 dubito,
789 1205 867 1290 quin
879 1227 976 1290 super
988 1206 1051 1269 hoc
1064 1205 1215 1268 dominus

260 1332 345 1394 papa
357 1318 529 1373 contentus
540 1309 592 1385 sit,
602 1328 701 1389 quum
711 1320 832 1371 certum
843 1308 884 1370 sit
894 1305 999 1390 ipsum
1011 1306 1214 1392 respondisse

261 1431 296 1474 se
317 1409 480 1473 neminem
500 1427 653 1489 unquam,
667 1428 728 1470 nec
750 1407 927 1470 maximum
950 1408 1171 1490 patriarcham,
1186 1406 1215 1470 si

260 1511 382 1595 aliquid
397 1511 459 1573 tale
475 1508 657 1585 accidisset,
671 1520 900 1571 revocaturum.
946 1509 1012 1573 Sed
1032 1508 1143 1572 redeat
1157 1508 1215 1591 qui

260 1613 403 1690 voluerit,
418 1621 450 1675 et
469 1609 579 1673 redeat
593 1623 628 1671 ut
643 1608 747 1673 debet.
794 1611 839 1672 Et
861 1610 889 1672 si
905 1610 1082 1693 discipulus
1103 1620 1216 1688 vester,

262 1713 419 1795 Magister
441 1710 611 1785 Ricardus‚
627 1722 783 1793 cognatus
805 1733 907 1789 meus,
929 1712 1083 1791 rediisset,
1106 1712 1214 1796 quiin

264 1813 427 1878 redeundo
444 1815 534 1890 obiit,
549 1833 646 1896 super
659 1812 720 1877 hoc
737 1816 834 1876 verbo
850 1835 993 1878 essemus
1008 1815 1167 1877 certiores.

304 1920 355 1981 De
377 1938 417 1981 eo
439 1930 556 1995 autem,
572 1914 659 2000 quod
681 1916 722 1979 de
737 1927 821 1979 statu
844 1915 969 1998 imperii
985 1916 1066 1978 mira
1088 1915 1215 1998 quasia

260 2020 351 2082 vobis
367 2030 499 2103 accepta
515 2017 646 2081 domino
662 2038 755 2099 papae
769 2016 978 2080 insinuaverit
987 2039 996 2093 3
1022 2015 1215 2098 respondeo,

260 2122 365 2204 ipsum
381 2121 469 2205 quod
485 2120 613 2204 accepit
626 2120 817 2196 insinuasse,
833 2119 970 2183 sednon
986 2141 1005 2182 a
1019 2119 1128 2183 vobis:
1152 2139 1213 2181 nec

260 2225 348 2307 quod
370 2246 389 2288 a
410 2224 503 2286 vobis
528 2223 689 2306 acceperit
712 2222 740 2284 ei
764 2222 901 2306 scripsit.
947 2222 1032 2285 Nam
1054 2242 1112 2304 per
1134 2221 1214 2284 alios

260 2328 362 2409 magis
375 2327 547 2389 innotescit
560 2325 688 2408 imperii
702 2336 814 2389 status.
858 2326 928 2388 Nec
944 2324 1068 2401 mirum,
1084 2323 1111 2386 si
1126 2333 1215 2386 tanta

260 2430 362 2491 moles
376 2427 530 2491 occultari
541 2447 606 2489 non
619 2434 733 2510 potest.
766 2429 882 2490 Verum
898 2437 972 2510 post
982 2426 1108 2488 illarum
1118 2424 1213 2488 inter-

261 2529 443 2612 ceptionem
453 2527 818 2607 literarum,etMagistri
826 2526 957 2590 Ricardi
968 2527 1103 2603 obitum,
1115 2548 1214 2611 quum

261 2652 356 2714 super
370 2631 432 2693 hoc
448 2632 545 2693 verbo
561 2628 776 2693 cardinalibus
794 2631 982 2713 loqueretur,
999 2630 1215 2693 dissuaserunt

260 2755 300 2796 ne
324 2754 379 2795 vos
402 2732 482 2796 citra
499 2732 675 2796 vconsilium
697 2741 729 2795 et
751 2732 946 2796 voluntatem
972 2731 1094 2795 domiui
1119 2752 1213 2814 papae

260 2856 407 2898 revocare
427 2844 642 2918 praesumeret.
688 2835 774 2907 Quin
797 2835 905 2918 potius
927 2834 1104 2897 attenderet
1127 2832 1214 2917 quod

262 2935 1214 3017 dominusRemensis,etomnessuffraganeisuiadhoccon·

261 3039 378 3110 vocati,
390 3058 455 3099 non
468 3037 537 3099 ausi
548 3046 623 3098 sunt
633 3037 822 3119 episcopum
834 3037 1108 3115 cameracensem,
1119 3037 1215 3101 etiam

260 3160 335 3201 cum
353 3137 525 3218 lachrymis
545 3138 764 3219 poenitentem,
780 3138 814 3199 in
829 3139 1118 3202 communicatione
1133 3138 1212 3201 reci·

259 3259 346 3323 pere,
357 3248 528 3319 antequam
538 3257 633 3320 super
648 3235 712 3300 hoe
729 3237 877 3301 dominus
889 3260 975 3323 papa
985 3240 1212 3304 consuleretur.

261 3343 374 3404 Vestra
389 3350 505 3415 tamen,
521 3338 605 3401 sicut
624 3339 669 3402 eis
692 3360 881 3421 responsum
906 3350 966 3416 est,
982 3362 1096 3405 caussa
1116 3343 1213 3421 longe

260 3442 425 3506 dissimilis
438 3451 497 3503 est.
536 3442 596 3504 Ille
608 3442 693 3504 enim
705 3442 738 3503 in
752 3442 1028 3506 schismaticorum
1039 3443 1214 3508 intraverat

260 3566 407 3622 errorem,
432 3564 492 3606 nec
520 3563 576 3605 vos
601 3544 636 3606 in
664 3543 772 3607 medio
803 3545 977 3607 schismate
1006 3546 1214 3609 consensistis

260 3647 363 3710 errori.
418 3645 479 3707 Ille
501 3655 568 3708 erat
590 3645 774 3728 episcopus,
797 3656 830 3707 et
856 3645 1033 3708 catholicos
1053 3646 1141 3709 visus
1166 3655 1215 3710 est

260 3749 460 3823 subvertisse,
477 3768 533 3809 ros
547 3746 581 3807 in
598 3757 683 3810 statu
697 3743 811 3829 privati
827 3744 868 3809 ad
890 3745 1045 3810 unitatem
1061 3749 1214 3813 schisma·

161 3862 164 3866 ’
260 3851 341 3913 ticos
364 3848 524 3912 conamini
547 3838 705 3911 revocare.
749 3850 842 3911 Misit
864 3870 940 3931 ergo
963 3847 1112 3917 dominus
1128 3854 1214 3918 Can·

261 3951 429 4014 tuariensis
445 3951 557 4013 iterato
581 3947 622 4011 ad
645 3948 814 4013 ecclesiam
837 3950 1029 4029 Romanam,
1043 3954 1213 4036 injungens

263 4052 402 4129 nunciis,
430 4073 481 4114 me
511 4062 679 4133 prasente,
706 4061 743 4115 ut
770 4053 1003 4116 revocationem
1029 4063 1165 4115 vestram
1194 4072 1215 4114 a

265 4154 393 4217 domino
422 4175 507 4237 papa
537 4164 718 4235 satagerent
744 4154 924 4237 impetrare.
968 4156 1043 4234 Ego
1071 4155 1142 4235 ipse
1171 4174 1211 4215 ex

267 4254 462 4317 conscientia
476 4255 624 4337 Magistri
640 4255 804 4338 Radulphi
817 4256 908 4337 Nigri
919 4256 1087 4338 composui
1098 4255 1213 4317 literas.

264 4356 337 4435 Ego
364 4356 470 4437 rogavi
496 4359 613 4439 ipsum,
639 4369 674 4420 ut
699 4358 742 4419 rei
772 4355 868 4438 hujus
894 4357 1006 4420 seriem
1032 4377 1075 4417 ex
1105 4354 1214 4419 ordine
