3034 5200
276 719 338 778 234
536 729 673 774 ioannis
688 728 962 774 slansnarnansrs
1136 710 1182 789 [a.
1199 731 1230 777 n.

278 881 318 944 de
341 879 453 943 merito
475 880 658 943 amiserumt
685 877 789 941 locum
812 891 843 942 et
873 890 1011 962 gentem.
1058 879 1141 944 Nam
1165 881 1233 946 fere

279 983 427 1067 quotiens
456 981 620 1066 exaliqua
641 1001 736 1044 causa
758 979 904 1043 consulto
927 979 1017 1043 Deus
1046 979 1232 1059 offenditur,
1262 1054 1267 1064 ,

277 1104 328 1144 res
355 1081 387 1145 in
410 1082 602 1147 contrarium
625 1094 701 1145 voto
722 1080 828 1166 pergit
857 1092 1017 1145 eventum.
1065 1082 1100 1145 Si
1126 1092 1232 1150 tamen

277 1180 323 1244 illi
353 1179 448 1264 longo
477 1195 618 1266 tempore
644 1180 803 1265 expectati
833 1180 1053 1265 poenitentiam
1083 1183 1233 1268 egissent,

277 1281 454 1366 potuissent
469 1280 529 1345 loci
543 1293 575 1344 et
590 1280 694 1366 gentis
716 1280 882 1344 retinuisse
898 1281 1080 1366 primatum,
1096 1283 1154 1369 qui
1169 1284 1233 1349 illis

278 1382 435 1448 induratis
460 1383 549 1467 genti
579 1382 718 1447 traditus
743 1394 791 1446 est
821 1382 950 1446 facienti
979 1383 1120 1448 fructum
1151 1386 1230 1470 ejus,

279 1482 347 1549 Vos
368 1485 488 1572 itaque,
509 1485 718 1561 dilectissimi,
741 1485 891 1570 quoniam
914 1485 1019 1550 adhuc
1043 1500 1170 1572 tempus
1184 1501 1233 1553 est

278 1586 513 1672 propitiationis
541 1601 573 1651 et
602 1587 717 1666 meriti,
746 1586 918 1650 accelerate
948 1585 989 1649 ad
1019 1588 1143 1652 veniam
1174 1611 1232 1674 per

277 1688 392 1774 dignos
420 1689 617 1775 poenitentiae
645 1689 780 1767 fructus,
809 1700 841 1751 et
863 1701 1088 1773 praeoccupate
1116 1690 1230 1755 faciem

273 1789 394 1876 judicis
414 1790 447 1853 in
470 1788 671 1869 consessione,
693 1805 725 1852 et
748 1789 974 1853 satisfactionis
996 1789 1233 1875 diligentia're-

277 1891 389 1956 dimite
404 1913 535 1970 moram,
549 1903 581 1955 et
598 1890 716 1975 lapsam
733 1890 847 1975 erigite
862 1890 1039 1956 caritatem.
1063 1892 1185 1956 Facilis
1200 1905 1231 1958 et

277 1991 424 2077 gloriosa,
440 1995 466 2056 si
490 2013 563 2054 vera
585 2005 658 2054 sunt
681 2014 755 2076 quae
779 1990 933 2055 dicuntur
955 1991 1041 2077 apud
1057 2014 1125 2072 nos,
1141 1993 1232 2058 satis·

278 2092 414 2157 faciendi
435 2105 467 2156 et
496 2091 671 2154 redimendi
692 2091 809 2155 famam
833 2091 924 2155 vobis
944 2091 1077 2158 offertur
1098 2094 1230 2174 occasio,

279 2216 379 2279 quum
408 2193 556 2256 dominus
578 2214 633 2255 rex
660 2194 710 2276 (nt
734 2191 840 2270 aiunt)
865 2193 897 2256 in
919 2194 1068 2280 injuriam
1092 2196 1230 2260 ecclesiae

279 2308 392 2360 vestrae
414 2292 513 2357 filium
537 2315 629 2356 sunm
653 2315 710 2378 per
732 2315 860 2357 manum
891 2294 1120 2382 archiepiscopi
1144 2297 1231 2361 Ebo-

278 2396 415 2461 recensis
427 2408 483 2459 aut
499 2393 628 2458 alterins
642 2395 782 2481 episcopi
797 2395 872 2460 velit
888 2395 1001 2480 inungi
1015 2411 1047 2462 et
1056 2398 1231 2462 consecrari

243 2584 249 2591 ⁸
278 2500 311 2564 iu
340 2521 455 2583 regem.
516 2495 668 2561 Prohibet
699 2496 759 2561 hoc
787 2497 934 2562 dontinus
966 2521 1051 2584 papa
1080 2499 1230 2564 mandato

179 2661 181 2666 .
278 2601 402 2671 iterato,
418 2614 451 2665 et
474 2615 547 2664 sunt
565 2600 785 2686 prohibitoriae
806 2602 876 2687 ejus
891 2604 924 2666 in
945 2625 1052 2686 regna.
1099 2604 1186 2679 Quas
1206 2602 1231 2667 si

278 2705 440 2791 porrigere
461 2703 650 2768 cessaverint
670 2704 737 2780 alii,
754 2716 787 2767 et
808 2703 850 2766 ad
871 2727 927 2767 vos
951 2704 1163 2790 pervenerint,
1183 2705 1231 2769 in-

279 2806 421 2871 duantur
443 2828 553 2892 quaeso
567 2805 667 2891 aliqui
688 2817 827 2869 vestrum
852 2804 971 2869 virtute
991 2828 1031 2869 ex
1047 2806 1112 2871 alto
1128 2819 1165 2871 ut
1179 2830 1231 2872 eas

277 2911 453 2996 porrigant,
473 2910 535 2973 'Dei
552 2918 584 2970 et
599 2906 714 2971 summi
736 2906 896 2992 pontificis
916 2907 1105 2971 auctoritate
1124 2909 1232 2994 prohi-

277 3013 399 3089 bentes,
417 3014 512 3075 etiam
532 3009 721 3093 interposita
735 3008 948 3094 appellatione
963 3008 989 3071 si
1004 3032 1088 3095 opus
1108 3011 1229 3085 fuerit;

276 3135 316 3176 ne
331 3126 457 3177 tantum
467 3111 688 3197 praejudicium
711 3124 827 3175 sanctae
849 3109 1072 3177 Cantuariensi
1092 3113 1231 3177 ecelesiae

277 3212 453 3277 inferatur:
478 3214 654 3297 praesertim
681 3236 784 3299 quum
806 3212 834 3275 is
855 3211 896 3276 ad
919 3235 1014 3298 quem
1039 3226 1161 3299 spectat
1176 3215 1232 3278 do-

276 3314 381 3378 minus
397 3314 550 3378 Cantuar.
572 3327 704 3399 paratus
721 3316 762 3380 sit
778 3314 837 3378 hoc
852 3315 993 3402 implere.
1017 3317 1233 3381 Nihilominus

278 3416 303 3479 si
326 3436 378 3476 eas
399 3413 431 3474 in
453 3412 598 3476 fraudem
619 3413 758 3477 ecclesiae
780 3417 991 3500 suppresserit
1008 3417 1123 3503 aliquis
1139 3432 1175 3482 ut
1190 3418 1232 3482 ad

278 3540 335 3581 vos
348 3513 513 3603 pervenire
530 3537 592 3578 non
609 3514 745 3590 valeant,
763 3538 819 3578 vos
835 3529 939 3580 tamen
960 3518 1001 3582 de
1016 3519 1126 3583 divina
1141 3519 1233 3583 mise·

278 3618 422 3710 ricordia
445 3615 640 3682 confidentes
665 3616 912 3703 prohibitionem
935 3632 967 3683 et
988 3620 1235 3707 appellationem

278 3721 318 3785 ad
347 3718 596 3806 propulsandam
618 3718 766 3803 injuriam
789 3717 1006 3783 imminentem
1029 3720 1230 3799 interponere

277 3847 340 3887 non
355 3822 521 3900 differatis,
536 3835 569 3887 et
583 3822 731 3887 omnibus
745 3820 884 3885 ecclesiae
899 3833 1014 3884 vestrae
1023 3815 1231 3899 suffraganeis

278 3925 470 3991 auctoritate
487 3924 569 3989 sedis
584 3923 765 4008 apostolicae
780 3922 964 4007 praecipere,
981 3931 1017 3982 ut
1028 3916 1230 4002 presentiam

278 4052 366 4095 suam
379 4027 454 4091 huic
468 4025 556 4113 operi
568 4024 769 4097 subtrahant,
785 4034 817 4086 et
832 4018 1021 4105 praejudicio
1036 4019 1147 4083 matris
1163 4043 1230 4084 suae

277 4132 368 4197 nulla
388 4151 518 4214 prorsus
539 4125 661 4189 ratione
682 4124 927 4185 communicent.
973 4120 1068 4199 Quod
1092 4121 1118 4185 si
1143 4124 1232 4187 vobis

278 4231 455 4298 tacentibus
467 4239 700 4315 praesumptum
714 4222 823 4303 tuerit,
838 4222 889 4287 cui
912 4221 953 4286 de
975 4237 1091 4289 caetero
1113 4224 1231 4312 poterit

278 4331 461 4417 persuaderi
482 4331 586 4396 zelum
608 4350 670 4393 non
694 4325 836 4414 periisse,
856 4338 887 4390 et
903 4326 1066 4393 caritatem
1083 4350 1146 4391 non
1163 4349 1229 4393 esse
