3034 5200
285 715 395 798 1162]
664 732 840 777 nrrsrora.
1190 718 1231 774 37

320 970 542 1036 EPISTOLA
566 969 760 1035 com—m
773 987 930 1032 soannnnr
945 985 1190 1032 rrcravrensnu

523 1088 721 1133 nerscorurr.
770 1070 856 1150 [ab.
876 1069 983 1150 troz]

412 1190 553 1253 Domino
566 1189 693 1252 loanni
708 1189 905 1251 Pictuvs’m
917 1191 994 1270 epis.
1009 1189 1043 1252 J.
1059 1188 1096 1253 S.

322 1310 587 1372 Lmnnamrarrs
610 1315 721 1368 restra
750 1303 905 1367 sedulitas
927 1326 993 1367 non
1016 1317 1080 1369 tam
1110 1305 1229 1368 crebris

277 1431 373 1495 quam
389 1407 550 1473 continuis
574 1418 606 1470 et
627 1404 823 1489 perennibus
836 1404 1003 1469 beneficiis
1027 1415 1230 1488 promeretur,

276 1524 390 1575 utnon
403 1511 445 1574 ad
456 1511 646 1593 frequentes,
658 1508 716 1571 sed
727 1507 769 1570 ad
785 1528 942 1590 perennes
954 1509 1045 1570 vobis
1060 1508 1229 1590 gratiarum

280 1624 388 1675 tenear
402 1610 554 1674 actiones.
598 1608 724 1671 Teneor
742 1606 873 1691 quidem
895 1609 1091 1692 teneborque
1116 1627 1230 1689 perpe·

281 1724 348 1788 tuo,
369 1712 414 1775 Et
442 1731 507 1793 quo
535 1710 608 1792 plus
636 1707 770 1772 sincerae
799 1708 989 1785 affectionis,
1010 1707 1096 1792 quod
1126 1709 1230 1770 solum

282 1833 425 1897 possum,
440 1811 481 1874 ad
495 1830 635 1893 praesens
649 1809 839 1892 rependero,
855 1830 895 1873 eo
910 1810 1047 1893 amplius
1062 1821 1094 1872 et
1113 1807 1231 1872 arctius

280 1935 332 1977 me
345 1934 409 1976 non
425 1912 537 1976 dubito
548 1911 692 1993 obligari.
730 1912 817 1974 Nam
829 1911 864 1973 in
878 1909 1018 1975 caritatis
1032 1921 1230 1973 contractum

281 2013 498 2077 indubitanter
520 2011 616 2089 venit,
639 2022 673 2075 et
698 2009 882 2092 specialiter
904 2010 1037 2088 obtinet,
1061 2025 1097 2072 ut
1120 2009 1231 2072 habita

278 2114 427 2179 reddatur
438 2135 564 2198 semper
575 2124 607 2178 et
620 2123 655 2176 ut
665 2113 727 2176 nisi
738 2112 863 2175 reddita
874 2113 1056 2176 nullatenus
1068 2113 1230 2176 habeatur.

281 2217 347 2283 Sed
360 2228 514 2302 quantum
526 2227 576 2280 est
585 2215 648 2280 hoc
665 2214 752 2300 quod
769 2235 820 2277 me
833 2223 944 2288 totum,
956 2215 990 2276 id
1006 2223 1054 2278 est
1066 2213 1229 2277 hominem

279 2320 415 2383 Parrum
428 2319 569 2396 nomine,
584 2317 734 2381 facultate
749 2316 916 2392 minorem,
932 2316 1098 2380 minimum
1119 2316 1230 2378 merito

281 2421 375 2483 vobis
389 2419 499 2482 deberi
512 2419 673 2502 profiteor.
718 2420 804 2481 Nam
820 2427 923 2480 totum
936 2417 1023 2481 istud
1044 2437 1104 2499 pro
1119 2418 1230 2480 merito

282 2523 395 2605 parum
410 2530 468 2583 est.
506 2519 571 2582 Sed
587 2519 664 2582 dum
675 2540 801 2582 mecum
811 2519 844 2581 in
860 2520 983 2583 ratione
994 2519 1061 2583 dati
1070 2518 1233 2594 beneficii,

281 2622 489 2686 humanitatis
511 2620 677 2697 exhibitae,
698 2620 836 2703 profusa
857 2622 1056 2686 liberalitatis
1081 2633 1231 2685 contrax-

280 2724 351 2787 istis
379 2724 549 2788 affeetione
579 2722 737 2804 religiosa,
765 2722 930 2803 obligastis
959 2724 1051 2788 vobis
1081 2735 1113 2787 et
1140 2724 1230 2785 illum

280 2835 394 2900 totum,
409 2824 465 2907 qui
479 2842 660 2887 mensuram
674 2823 796 2885 bonam
811 2832 843 2885 et
863 2823 1053 2905 coagitatam
1069 2834 1099 2887 te
1123 2842 1231 2904 super·

282 2926 463 2989 effluentem
481 2923 629 2989 mercede
645 2923 798 3006 centupla
819 2923 966 2986 refundet
986 2924 1020 2985 in
1043 2924 1147 2987 sinum
1163 2945 1230 2988 ves-

283 3039 374 3089 trum.
419 3026 537 3088 Totum
552 3025 696 3107 inquam,
710 3035 742 3086 et
756 3023 950 3087 fiducialiter
967 3024 1102 3089 dixerim
1118 3036 1233 3106 totum,

285 3126 340 3209 qui
362 3120 442 3186 nulli
464 3123 551 3187 cedit
566 3125 606 3185 in
629 3135 769 3205 partem:
799 3125 893 3188 Licet
914 3139 947 3189 et
969 3127 1101 3209 singulis
1123 3128 1232 3192 electis

286 3225 456 3305 gratiarum
472 3244 549 3287 usus
564 3223 705 3287 conferat
720 3226 887 3307 speciales,
902 3228 951 3291 sui
973 3239 1079 3292 tamen
1102 3251 1232 3293 munere

284 3328 408 3408 integro
422 3348 487 3389 nou
504 3326 623 3399 deciso,
640 3347 698 3390 nee
720 3328 873 3392 distracto
894 3331 1125 3412 particulatim:
1157 3331 1233 3414 quia

282 3429 382 3492 cuivis
397 3438 482 3492 totus
497 3427 595 3507 adest,
612 3438 668 3493 aut
683 3440 768 3493 totus
784 3430 929 3508 elabitur,
944 3431 998 3496 hie
1014 3442 1099 3496 certe
1116 3455 1150 3496 se
1172 3455 1230 3517 pro

283 3551 333 3592 me
354 3540 455 3593 totum
478 3530 583 3608 debet,
599 3542 631 3595 et
653 3532 865 3615 proculdubio
888 3543 988 3595 totum
1010 3534 1134 3611 reddet,
1154 3556 1233 3617 quo-

282 3633 367 3696 niam
385 3631 490 3695 fidelis
505 3634 600 3696 estin
622 3633 789 3715 promisse,
805 3642 837 3695 et
861 3632 1179 3698 munificentissimus
1199 3638 1235 3699 in

282 3733 498 3797 retribuendo.
543 3733 652 3796 Secuti
678 3733 754 3797 estis
778 3744 810 3796 et
836 3734 1010 3817 sequimini
1033 3734 1129 3798 fidem
1153 3737 1234 3820 ejus,

282 3847 318 3897 ut
332 3856 366 3897 se
381 3835 422 3897 de
437 3833 588 3898 mandato
606 3845 639 3897 et
658 3835 816 3917 promisso
832 3836 933 3897 teneri
952 3836 1140 3915 meminerit,
1155 3860 1235 3921 prae-

284 3935 391 3999 sertim
406 3957 480 3999 eum
491 3935 710 4019 operatoribus
721 3936 949 3999 misericordiae
964 3939 1129 4020 publicum
1141 3958 1235 3999 evan·

285 4036 359 4118 gelli
374 4037 608 4101 munimentum
625 4036 761 4114 dederit,
776 4035 861 4120 quod
878 4038 1065 4102 confirmare
1088 4039 1236 4116 dignatus

286 4147 335 4201 est
351 4138 533 4202 charactere
550 4139 655 4201 crucis
670 4159 747 4215 suae,
763 4149 796 4200 et
810 4139 962 4219 insignire
985 4138 1140 4217 sanguine
1163 4156 1235 4216 pro-

287 4238 366 4319 prio,
412 4238 494 4301 Haec
518 4258 594 4318 ergo
619 4238 677 4301 erit
701 4238 913 4300 miserationis
936 4250 1047 4299 vestrae
1072 4233 1237 4301 retributio

176 4422 179 4428 Ι
288 4338 437 4421 copiosa,
475 4338 546 4401 haee
572 4338 777 4401 humanitatis
808 4338 959 4399 exhibitae
986 4335 1092 4398 divina
1118 4352 1240 4401 merces
