3034 5200
325 729 386 788 190
566 739 704 785 scamus
728 736 1004 782 saansanmsusrs
1189 717 1233 795 [a.
1247 736 1280 778 n.

323 911 435 979 expers
451 891 517 976 ipse
533 873 774 954 sollicitudinis?
796 887 973 975 praesertim
987 886 1012 949 si
1025 886 1141 950 caritas
1153 899 1282 972 urgeat,

323 1005 359 1058 ut
371 992 449 1057 nihil
462 992 637 1055 humanum
649 1015 669 1055 a
680 1013 712 1055 se
724 1002 853 1077 reputet
866 989 1012 1052 alienum.
1047 988 1138 1051 Talis
1149 989 1280 1074 quidem

292 1115 295 1120 ’
324 1110 426 1179 nuper
435 1105 502 1157 erat
512 1093 608 1156 facies
617 1091 850 1177 mundi,quum
861 1088 1067 1175 abAquilone
1076 1102 1107 1152 et
1117 1090 1281 1155 occidente

322 1197 355 1260 in
371 1196 522 1260 orientem
539 1194 702 1280 irrupisset
718 1205 749 1257 et
771 1206 927 1268 austrum,
943 1192 1124 1270 maximam,
1140 1203 1177 1255 ut
1193 1191 1280 1256 vide·

322 1299 429 1377 batur,
443 1309 567 1383 partem
582 1295 745 1381 dejectura
761 1293 935 1368 stellarum,
952 1293 1006 1356 sed
1022 1291 1110 1357 flavit
1126 1293 1159 1355 in
1182 1294 1280 1358 Italia

325 1396 835 1484 SpirituSanctus,contriritque
841 1393 1017 1457 schismatis
1023 1405 1120 1477 caput
1128 1406 1163 1458 ut
1171 1398 1200 1459 ei
1207 1397 1276 1480 jam

322 1502 422 1565 latera
431 1498 664 1573 contabescant,
671 1508 703 1560 et
713 1496 854 1560 membra
864 1496 1120 1561 commoriantur.
1144 1501 1217 1561 Non
1229 1511 1277 1562 est

322 1602 406 1667 enim
422 1599 573 1680 medicus,
586 1622 648 1663 non
661 1603 850 1674 incantator,
862 1597 918 1682 qui
935 1620 972 1660 ea
983 1597 1023 1661 de
1036 1620 1132 1661 manu
1148 1598 1278 1662 Domini

322 1703 421 1789 possit
434 1724 555 1766 eruere.
602 1703 681 1785 Spes
697 1721 773 1784 ergo
788 1699 931 1762 fidelium
951 1711 1011 1776 est,
1028 1700 1116 1785 quod
1131 1697 1164 1762 in
1187 1700 1277 1764 brevi

323 1804 492 1869 descendet
506 1805 539 1866 in
555 1802 703 1886 Angliam
726 1801 864 1887 Spiritus
878 1801 975 1877 idem,
992 1813 1029 1864 ut
1045 1801 1130 1865 illam
1147 1824 1277 1887 quoque

322 1917 444 1968 serenet
460 1901 632 1977 ecclesiam,
648 1902 868 1986 adventusque
883 1901 952 1987 ejus
970 1902 1073 1966 multa
1094 1903 1277 1989 produntur

322 2005 448 2069 indicia.
507 2003 630 2089 Utique
660 2003 870 2089 condiscipuli
903 2004 991 2068 Petri
1013 2003 1067 2089 qui
1099 2003 1276 2070 ministerio

322 2106 494 2190 navigandi
516 2105 637 2170 diutius
660 2105 766 2169 vexati
792 2117 876 2186 sunt,
902 2105 961 2170 sibi
985 2109 1137 2171 videntur
1162 2129 1275 2193 appre-

323 2208 462 2273 hendere
484 2219 624 2293 portum,
639 2220 671 2271 et
693 2219 804 2293 optata
826 2207 942 2272 littoris
964 2212 1101 2274 statione
1122 2211 1274 2294 gaudere,

324 2309 452 2373 invitati
469 2307 510 2372 ad
526 2307 819 2393 comprandendum
835 2308 974 2374 Christo.
1020 2311 1180 2374 Caeterum
1198 2310 1277 2395 quia

322 2409 513 2474 desideranti
540 2410 653 2473 animae
678 2409 756 2473 nihil
784 2409 861 2475 satis
886 2410 1065 2490 festinatur,
1086 2412 1167 2475 mihi
1192 2411 1273 2497 quid

323 2534 534 2597 responsurus
554 2514 588 2575 in
610 2535 664 2575 ore
687 2512 804 2577 habeas
819 2512 929 2576 videor
951 2513 1074 2577 intueri.
1127 2515 1211 2579 Novi
1235 2515 1276 2579 ei-

323 2616 453 2703 quidem
475 2615 706 2679 festinationem
733 2613 936 2702 perspicaciae
959 2628 1033 2680 tuae.
1080 2616 1175 2681 Dices
1197 2640 1274 2703 ergo

324 2717 420 2781 Unde
438 2716 507 2782 haec
523 2738 585 2779 non
602 2715 794 2780 confidentia
816 2715 870 2780 sed
893 2716 1126 2802 praesumptio?
1157 2716 1274 2806 quibus

322 2820 410 2905 quod
423 2817 603 2883 vaticinaris
614 2818 773 2905 approbas
784 2818 1000 2902 argumentis?
1024 2820 1110 2883 unde
1119 2823 1273 2906 promissa

321 2921 415 2986 doces
430 2944 496 2985 esse
510 2920 721 3008 complenda?

465 3019 592 3072 Pollicitis
604 3020 675 3071 dives
687 3018 796 3088 quilibet
807 3036 865 3071 esse
876 3025 971 3090 potest.

323 3118 436 3179 Nonne
451 3112 576 3199 flagella
591 3113 720 3177 duriora
731 3113 889 3178 meruistis
901 3136 919 3177 a
932 3114 1094 3179 Domino?
1117 3117 1168 3181 Ad
1185 3118 1272 3203 quod

322 3239 399 3299 ego:
425 3218 571 3301 Expecta
586 3216 743 3281 modicum
760 3231 792 3281 et
810 3217 932 3282 videbis
946 3216 1079 3303 gloriam
1095 3219 1171 3285 Dei:
1195 3232 1274 3284 tuuc

321 3314 573 3401 publicabuntur
588 3330 786 3399 argumenta,
801 3319 920 3404 quibus
943 3340 1005 3380 non
1028 3319 1192 3383 miraberis
1214 3342 1274 3385 nos

320 3415 506 3480 credidisse:
535 3415 713 3479 memineris
728 3418 817 3501 quod
833 3440 935 3503 quum
957 3417 1155 3482 obsideretur
1171 3419 1274 3484 Israel

320 3520 354 3583 in
377 3516 529 3593 Samaria,
546 3528 578 3581 et
599 3515 688 3579 nulla
710 3540 781 3602 spes
802 3520 957 3583 evadendi
980 3531 1103 3605 pateret
1125 3520 1273 3599 obsessis,

320 3622 373 3687 ille
398 3620 455 3709 qui
480 3620 664 3685 incredulus
689 3621 764 3695 fuit,
793 3622 880 3707 quod
907 3647 972 3687 uno
1002 3635 1116 3687 statere
1145 3624 1275 3690 modius

321 3726 433 3790 similae
455 3738 511 3788 aut
528 3724 638 3789 hordei
655 3725 753 3789 modii
769 3726 835 3789 duo
851 3728 1074 3806 venderentur,
1088 3726 1120 3790 iu
1136 3729 1276 3793 crastino

320 3829 352 3891 in
368 3838 461 3912 porta
474 3827 623 3892 Samariae
635 3828 715 3891 vidit
731 3828 861 3914 quidem
875 3830 960 3915 quod
978 3829 1135 3916 propheta
1145 3829 1272 3895 dicente

319 3952 380 3994 non
397 3926 542 4004 credidit,
557 3927 611 3990 sed
628 3950 742 4013 expers
756 3929 900 3994 beneficii
916 3930 1019 3994 factus
1035 3944 1081 3996 est
1097 3932 1138 3994 ob
1159 3931 1272 3995 inside-

319 4032 454 4106 litatem,
483 4029 560 4115 quia
588 4028 791 4093 conculcatus
821 4053 840 4091 a
869 4033 972 4097 turbis
1002 4033 1171 4119 expiravit.
1226 4038 1271 4100 At

319 4133 435 4221 inquis,
452 4130 599 4216 nunquid
615 4143 647 4195 et
663 4142 698 4194 tu
715 4130 873 4216 propheta
887 4137 943 4195 es?
974 4157 1036 4197 non
1054 4134 1185 4221 utique:
1214 4137 1271 4201 sed

319 4257 375 4297 nec
391 4234 475 4297 lilius
495 4234 671 4319 prophetae.
711 4234 871 4296 Caeterum
888 4234 967 4297 nihil
982 4236 1130 4320 prohibet
1145 4238 1272 4303 exulem

321 4336 351 4397 in
369 4336 492 4398 deserto
507 4349 669 4420 pastorum
686 4356 758 4398 cum
775 4335 819 4399 eis
835 4334 1001 4400 siccamina
1016 4336 1171 4404 vellicare.
1204 4341 1273 4405 Nec
