3034 5200
305 707 412 787 ml]
681 723 861 768 anismam.
1193 713 1256 771 255

303 875 422 939 furoris
441 873 569 940 intulit:
592 874 642 940 Ut
663 873 758 938 modo
781 874 938 951 moriaris,
957 873 1152 960 impossibile
1172 875 1256 939 enim

303 990 350 1042 est
381 990 416 1042 ut
447 976 580 1041 ulterius
610 977 709 1041 vivas.
757 975 934 1064 Respondit
958 979 1067 1041 autem
1088 976 1258 1064 archiepis-

303 1103 402 1166 copus
423 1103 485 1143 nou
507 1079 621 1143 minori
639 1078 815 1143 constantia
832 1079 922 1143 verbi
941 1101 1038 1165 quam
1058 1079 1166 1156 animi,
1182 1079 1260 1165 quia

304 1183 406 1266 (quod
422 1183 563 1247 omnium
581 1196 756 1267 martyrum
773 1203 850 1268 pace
865 1203 904 1245 ex
922 1181 1019 1246 animi
1033 1181 1095 1246 mei
1104 1181 1260 1246 sententia

301 1284 436 1348 tidenter
466 1284 613 1365 dixerim)
644 1281 752 1346 nullus
774 1304 883 1346 eorum
907 1281 1036 1346 videtur
1057 1282 1089 1345 in
1112 1281 1257 1368 passione

302 1389 364 1450 isto
378 1385 476 1449 fuisse
492 1384 694 1448 constantior.
739 1385 785 1447 Et
801 1407 861 1469 ego
875 1406 934 1470 pro
950 1387 1021 1448 Deo
1031 1384 1112 1447 mori
1128 1396 1259 1470 paratus
1317 1454 1320 1459 ⁴

304 1512 388 1565 sum,
404 1503 436 1552 et
459 1511 517 1574 pro
532 1487 702 1551 assertione
723 1487 862 1573 justitiae
887 1499 919 1551 et
935 1487 1074 1551 ecclesiae
1100 1487 1257 1551 libertate.

305 1589 368 1653 Sed
384 1588 409 1653 si
425 1602 522 1674 caput
543 1610 647 1651 meum
670 1587 827 1674 quaeritis,
842 1587 996 1674 prohibeo
1016 1611 1055 1651 ex
1077 1601 1168 1673 parte
1189 1610 1257 1651 om-

304 1691 478 1776 nipotentis
506 1693 568 1754 Dei
592 1704 624 1755 et
647 1692 707 1755 snb
730 1689 942 1768 anathemate,
964 1712 1004 1753 ne
1030 1691 1180 1776 cuiqnam
1204 1689 1258 1755 alii

305 1793 370 1856 sive
385 1793 549 1873 monacho,
565 1793 630 1856 sive
641 1793 755 1858 clerico
772 1792 821 1855 vel
836 1793 929 1869 laico,
941 1792 1053 1878 majori
1070 1792 1118 1856 vel
1132 1792 1256 1868 minori,

305 1894 337 1958 in
360 1894 469 1981 aliquo
490 1895 640 1973 noceatis,
664 1894 718 1958 sed
742 1895 804 1958 sint
826 1897 984 1958 immunes
1005 1917 1025 1956 a
1046 1917 1153 1980 poena,
1177 1895 1259 1959 sicut

304 1998 480 2063 extiterunt
495 2021 514 2060 a
529 2019 639 2062 causa:
663 2018 724 2060 non
741 1996 823 2060 enim
839 1995 913 2074 illis,
929 1997 982 2059 sed
1004 1996 1082 2060 mihi
1098 1998 1259 2082 imputan-

305 2100 382 2165 dum
410 2113 468 2177 est,
499 2103 524 2164 si
547 2102 605 2185 qui
627 2121 737 2162 eorum
767 2121 892 2164 cansam
923 2098 1094 2163 laborantis
1122 2097 1260 2163 ecclcsiae

305 2215 519 2290 susceperunt.
566 2202 707 2266 Mortem
724 2201 859 2265 libenter
874 2204 1059 2287 amplector,
1072 2200 1148 2266 dum
1165 2201 1260 2264 modo

303 2305 433 2369 ecclesia
447 2305 479 2368 in
495 2304 647 2367 effusione
664 2304 828 2387 sanguinis
842 2303 904 2367 mei
919 2324 1028 2389 pacem
1045 2316 1260 2389 consequatur

305 2416 336 2468 et
351 2404 541 2467 libertatem.
565 2401 645 2475 Quis
660 2403 722 2465 isto
737 2391 906 2465 videturin
918 2403 1050 2466 caritate
1060 2401 1259 2466 ferventior?

307 2504 456 2590 quidum
472 2526 504 2568 se
520 2502 660 2589 prolege
677 2502 738 2567 Dei
752 2503 1037 2589 persequutoribus
1045 2503 1209 2580 offerebat,
1226 2507 1258 2568 in

306 2609 338 2673 id
356 2609 457 2673 solum
473 2620 540 2672 erat
556 2606 710 2672 sollicitus
722 2630 763 2671 ne
777 2606 915 2694 proximi
930 2608 961 2671 in
983 2608 1091 2693 aliquo
1107 2608 1258 2671 laederen-

303 2726 367 2778 tur.
402 2713 508 2777 Verba
523 2712 592 2797 ejus
606 2732 708 2774 nonne
725 2710 890 2776 Christum
908 2710 1059 2775 videntur
1081 2711 1258 2797 exprimere

304 2814 335 2879 in
366 2815 510 2900 passione
538 2814 714 2878 dicentem:
749 2813 782 2877 Si
812 2835 863 2877 me
892 2813 1049 2900 quaeritis,
1081 2813 1173 2879 sinite
1200 2814 1258 2879 hos

304 2917 418 2981 abire?
441 2917 504 2982 His
518 2916 623 2990 dictis,
639 2916 751 2979 videns
766 2915 928 2979 carnifices
943 2914 1067 2979 eductis
1081 2915 1208 3000 gladiis,
1223 2917 1256 2981 in

304 3016 435 3105 modum
451 3016 571 3080 orantis
591 3014 753 3078 inclinavit
773 3027 882 3100 caput,
902 3014 968 3078 haec
993 3014 1165 3079 novissima
1183 3038 1258 3103 pro·

305 3120 407 3182 ferens
422 3117 530 3195 verba,
545 3118 615 3179 Deo
630 3132 662 3181 et
679 3118 804 3181 Sanctae
825 3117 941 3180 Mariae
962 3129 994 3181 et
1010 3129 1138 3181 sanctus
1160 3119 1259 3206 hujus

304 3220 443 3284 ecclesiae
471 3222 614 3305 patronis
638 3232 670 3283 et
693 3220 789 3284 beato
816 3219 972 3305 Dionysio
998 3220 1185 3285 commendo
1207 3246 1259 3287 me

304 3322 409 3408 ipsum
426 3333 457 3385 et
472 3320 610 3385 ecclesiae
626 3343 763 3384 causam.
791 3322 916 3385 Caetera
932 3322 1004 3408 quis
1019 3321 1086 3385 sine
1101 3324 1256 3410 suspiriis,

304 3424 508 3508 singultibus,
530 3436 562 3488 et
593 3423 764 3509 lachrymis
784 3424 924 3488 referat?
955 3423 1081 3510 singula
1110 3426 1256 3512 persequi

303 3527 405 3611 pietas
420 3549 481 3590 non
498 3526 667 3613 permittit,
684 3547 758 3611 quae
774 3524 936 3591 carnifices
951 3525 1180 3606 immanissimi,
1196 3528 1257 3592 Dei

303 3630 416 3696 timore
430 3643 623 3716 contempt0,
638 3642 670 3694 et
694 3642 757 3694 tam
782 3628 856 3693 fidei
879 3650 977 3714 quam
1000 3627 1098 3691 totius
1114 3627 1259 3693 hnmani-

205 3750 218 3776 *
304 3734 378 3798 tatis
396 3734 606 3808 immemores,
636 3732 871 3797 commiserunt.
918 3731 991 3793 Non
1020 3729 1103 3792 enim
1134 3731 1257 3799 suffecit

277 3870 284 3896 ι
302 3835 347 3898 eis
362 3835 516 3919 sanguine
539 3832 710 3897 sacerdotis
726 3846 757 3896 et
773 3855 849 3897 nece
863 3830 1063 3917 prophanare
1083 3832 1257 3915 ecclesiam,

303 3950 335 4000 et
350 3936 433 4001 diem
456 3932 701 3999 sacratissimum
724 3935 887 4007 incestare,
910 3933 970 3996 nisi
992 3955 1109 3997 corona
1130 3936 1256 4023 capitis,

302 4061 397 4124 quam
411 4038 490 4102 sacri
498 4037 676 4102 chrismatis
688 4036 798 4101 unctio
810 4038 883 4100 Deo
894 4036 1065 4111 dicaverat,
1079 4050 1256 4124 amputata,

304 4139 392 4224 quod
414 4140 507 4204 etiam
530 4141 619 4204 dictu
644 4138 795 4203 horribile
817 4152 876 4215 est,
899 4137 1034 4202 funestis
1055 4138 1172 4222 gladiis
1188 4142 1256 4225 jam

304 4240 447 4305 defuncti
462 4243 609 4327 ejicerent
631 4243 808 4320 cerebrum,
823 4254 854 4305 et
876 4263 932 4325 per
950 4240 1168 4325 pavimentum
1184 4266 1256 4309 cum

304 4365 415 4407 cruore
427 4356 457 4409 et
469 4344 593 4409 ossibus
604 4343 820 4408 crudelissime
829 4354 1014 4429 spargerent
1028 4368 1035 4407 :
1059 4342 1257 4412 immaniores
