3034 5200
274 735 382 814 1170.]
652 747 833 791 srisrotm.
1159 731 1219 791 <231

304 1001 524 1069 EPISTOLA
549 1001 817 1068 ccxcvi—sn
832 1019 1037 1066 convaurmu
1054 1021 1177 1064 cauro-

520 1123 703 1168 emensam,
747 1103 792 1183 [a.
810 1124 842 1165 n.
860 1107 970 1181 1170]

268 1257 491 1319 Dilectissimis
510 1254 677 1338 fratribus
706 1263 737 1316 et
767 1254 879 1317 amicis
899 1253 1086 1330 carissimis,
1108 1255 1165 1335 qui
1185 1255 1223 1315 in

309 1367 424 1420 sancto
456 1355 690 1420 cantuariensi
711 1355 839 1418 ecclesio
869 1356 1054 1435 conqregoti
1074 1363 1162 1433 sunt,
1191 1360 1223 1417 et

307 1461 400 1539 piam
429 1461 566 1540 sopiunt
600 1459 758 1520 unitatem
788 1457 1042 1538 proscriptorum
1072 1458 1222 1518 minimos
1297 1450 1300 1457 ’

312 1559 450 1622 Joonnes
465 1561 503 1622 dc
518 1558 643 1623 Soresb.
659 1579 779 1640 semper
792 1577 898 1620 coram
905 1558 996 1639 facie
1010 1578 1072 1620 auo
1079 1558 1222 1641 feliciter

313 1660 490 1725 ambulare.

314 1799 456 1870 AEQUUM
465 1810 524 1874 est,
537 1794 744 1872 dilectissimi,
756 1817 806 1858 me
818 1795 859 1858 de
875 1795 987 1860 vestris
998 1796 1139 1881 gaudere
1149 1819 1222 1881 pro-

270 1901 418 1977 fectibus,
433 1897 555 1963 anxiari
570 1896 731 1983 periculis,
748 1898 873 1961 damnis
886 1908 917 1960 et
934 1897 1059 1982 injuriis
1073 1897 1222 1982 compati,
1295 1885 1299 1891 ’

271 2016 314 2079 et,
330 2016 487 2088 quantum
505 2000 686 2065 Christiano
701 1998 785 2074 licet,
799 2002 824 2064 si
836 1997 918 2063 forte
930 1999 1017 2084 quod
1027 1999 1109 2064 absit
1121 1999 1223 2062 immi-

270 2101 529 2169 neatexanimari
546 2101 683 2164 defectu.
723 2100 852 2185 Lugere
864 2099 1021 2185 siquidem
1038 2123 1148 2185 parum
1164 2112 1223 2182 est,

269 2204 354 2290 quod
370 2205 464 2269 etiam
480 2205 512 2267 in
528 2202 667 2266 hostium
689 2223 802 2264 occasu
820 2201 926 2286 justos
946 2201 998 2286 pie
1012 2201 1123 2265 fecisse
1137 2224 1223 2265 reco-

270 2305 376 2381 limus,
392 2326 493 2391 quum
510 2302 653 2367 caritatis
675 2301 780 2366 virtus
803 2303 945 2366 extincta
962 2303 1100 2388 Spiritus
1122 2303 1222 2368 sancti

268 2420 467 2492 protestetur
489 2426 647 2467 occasum.
694 2405 797 2488 Cujus
817 2405 915 2468 funus
937 2419 1060 2469 nonest
1076 2406 1224 2491 perfunc-

271 2507 360 2572 toriis
377 2505 557 2590 lachrymis,
574 2526 637 2567 non
658 2517 706 2570 est
728 2505 863 2587 gemitu,
880 2520 935 2570 aut
955 2506 1064 2570 dolore
1084 2528 1222 2571 momen·

272 2622 364 2674 taneo
389 2607 667 2695 persequendum:
699 2607 754 2671 sed
778 2608 844 2672 vita
866 2630 923 2693 per
947 2608 1167 2693 poeniteutiam
1191 2622 1223 2675 et

270 2711 413 2776 fructum
429 2711 585 2774 bonorum
601 2731 733 2794 operum
750 2709 921 2774 instantius
932 2709 1117 2796 reparanda.
1155 2714 1224 2775 Nec

271 2826 395 2897 moveat
411 2811 437 2876 si
453 2811 611 2898 Spiritum
632 2825 788 2892 sanctum,
802 2811 859 2897 qui
871 2812 1083 2896 proculdubio
1097 2812 1225 2876 immor-

272 2915 344 2982 talis
359 2927 405 2979 est
422 2927 454 2978 et
469 2915 562 2978 beata
578 2913 646 2977 vita
661 2914 838 2999 justorum,
856 2914 978 2978 dictum
999 2914 1093 2977 estin
1109 2914 1225 2999 aliqui-

271 3019 333 3083 bus
346 3016 486 3091 interire,
502 3038 603 3100 quum
623 3016 758 3080 Paulum
780 3015 947 3080 audieritis
969 3015 1136 3097 dicentem,
1152 3016 1224 3103 spi-

272 3119 367 3183 ritum
397 3116 495 3180 nolite
517 3118 717 3201 extinguere,
741 3118 924 3203 prophetias
946 3118 1043 3182 nolite
1066 3141 1223 3204 spernere.

271 3224 318 3285 Et
334 3219 455 3284 utinum
476 3216 649 3282 efficialiter
669 3218 850 3296 audissetis,
865 3219 954 3305 quod
969 3233 1006 3284 ut
1021 3223 1146 3305 sapiens
1161 3244 1225 3285 me-

273 3318 376 3399 minit,
402 3341 464 3382 non
488 3318 651 3382 auditores
677 3319 781 3395 verbi,
804 3320 859 3383 sed
882 3321 1017 3386 factores
1042 3323 1122 3407 justi
1149 3336 1225 3388 sunt

271 3421 360 3508 apud
376 3425 491 3487 Deum.
536 3424 652 3505 Neque
672 3421 740 3487 heac
755 3422 788 3485 in
804 3422 1061 3508 suggillationem
1083 3426 1224 3489 omnium

273 3540 413 3589 vestrum
429 3523 516 3587 dicta
534 3524 716 3605 credantur,
729 3525 809 3611 quia
830 3527 969 3611 Spiritus
988 3541 1116 3591 sanctus
1137 3528 1225 3592 testis

272 3640 330 3707 est,
344 3625 432 3712 quod
448 3649 488 3689 ex
510 3626 644 3691 caritate
665 3626 893 3713 potiusquam
915 3626 968 3690 ille
991 3627 1077 3690 solus
1092 3627 1225 3713 inspirat

272 3730 329 3814 qui
344 3728 459 3792 caritas
469 3740 529 3804 est,
541 3727 665 3813 prolata
677 3741 763 3805 sunt,
775 3750 872 3814 quam
885 3727 917 3790 in
929 3726 1023 3813 alicuj
1029 3750 1065 3791 us
1076 3727 1225 3815 injuriam

273 3828 457 3894 Christiani.
504 3827 596 3892 Licet
611 3828 735 3914 aliquos
750 3829 791 3891 de
806 3850 938 3891 numero
953 3839 1092 3892 vestrum
1108 3852 1166 3914 pro
1180 3830 1228 3893 in-

269 3932 357 4015 juria
374 3930 514 4016 Spiritus
528 3943 560 3993 et
576 3930 725 3994 fraternae
748 3930 889 3995 caritatis
908 3930 1096 3995 exterminio
1105 3933 1181 4017 jure
1195 3944 1228 3997 et

274 4032 388 4095 merito
403 4054 441 4094 ne
458 4044 600 4116 pereant,
613 4030 668 4095 sed
685 4031 855 4096 salubriter
869 4032 1118 4107 confundantur,
1128 4030 1229 4095 credi·

274 4131 375 4195 derim
387 4132 575 4215 arguendos.
600 4132 739 4197 Evolvat
751 4134 975 4219 unusquisque
984 4146 1016 4198 et
1026 4131 1146 4216 relegat
1157 4154 1230 4217 pro-

275 4231 556 4317 priaeconscientiae
566 4232 700 4297 librum:
718 4233 748 4296 in
756 4232 925 4320 ambiguis,
933 4235 958 4298 si
966 4257 1029 4321 qua
1041 4246 1127 4311 sunt,
1135 4233 1231 4298 inter.

276 4344 397 4418 pretem
411 4346 534 4415 quaerat
546 4346 578 4397 et
589 4334 713 4399 invocet
725 4335 893 4420 Spiritum,
902 4348 1059 4413 sanctum,
1073 4335 1128 4421 qui
1139 4335 1233 4403 docet
