3034 5200
267 715 379 794 1167.]
650 725 830 774 nnrsronu.
1174 718 1217 776 89

265 882 402 946 stabitur
421 883 454 944 in
479 882 598 945 finibus
619 882 700 958 istis,
723 883 827 945 donec
847 881 984 945 ecclesia
1005 883 1217 961 convalescat,

265 994 296 1046 et
320 992 565 1066 persequutores
589 983 658 1067 ejus
673 992 728 1045 aut
750 992 985 1060 convertantur,
999 994 1053 1044 aut
1074 994 1217 1065 pereant.

265 1086 326 1148 Illa
346 1086 469 1165 rogavit
490 1107 548 1169 pro
571 1096 613 1163 te,
628 1093 660 1148 et
674 1096 794 1165 rogare·
807 1106 874 1146 non
897 1095 1012 1157 cessat,
1028 1096 1063 1148 ut
1080 1106 1144 1149 non
1161 1084 1217 1149 de-

262 1185 351 1248 ficiat
376 1183 458 1253 fides
485 1198 550 1263 tua,
577 1196 610 1250 et
634 1196 679 1264 tn,
707 1185 975 1269 quandocumque
995 1186 1218 1269 opportunitas

263 1286 370 1365 fuerit,
383 1308 555 1351 conversus
570 1287 612 1350 ad
627 1288 711 1360 illos,
722 1286 878 1350 confirma
888 1288 997 1350 fratres
1007 1298 1089 1351 tuos.
1134 1290 1217 1353 Haec

264 1389 328 1452 illis
344 1388 507 1463 ostendes,
522 1389 563 1452 ad
578 1410 659 1472 quos
674 1389 788 1451 missus
803 1410 846 1467 es,
861 1391 972 1472 lapsos
987 1390 1082 1473 erige,
1097 1401 1218 1455 stantes

264 1492 388 1566 robora,
411 1500 447 1553 ut
467 1490 551 1552 firmi
573 1491 644 1554 sint.
692 1491 804 1553 Plures
832 1491 917 1553 enim
939 1502 1013 1554 sunt
1034 1494 1158 1574 patroni
1187 1501 1220 1556 et

266 1590 450 1654 defensores
465 1592 621 1668 ecclesiae,
643 1613 738 1675 quam
754 1592 1000 1675 impugnatores.
1044 1593 1129 1655 Eam
1151 1614 1217 1655 non

267 1689 394 1753 deseret
407 1692 440 1754 in
455 1693 669 1770 tribulatione,
685 1692 739 1776 qui
753 1712 813 1775 pro
827 1694 1016 1757 liberatione
1031 1694 1099 1778 ejus
1111 1695 1219 1778 posuit

271 1792 407 1855 animam
431 1815 531 1859 suam.
589 1793 726 1857 Causam
757 1793 861 1855 sancti
891 1814 957 1855 non
980 1794 1139 1872 deserent,
1161 1816 1219 1878 pro

268 1914 332 1975 qua
360 1893 449 1956 veriti
475 1914 539 1955 non
563 1903 638 1956 sunt
660 1893 849 1972 sanguinem
873 1915 966 1956 suum
988 1894 1073 1958 dare.
1119 1897 1217 1960 Hanc

267 1994 410 2057 omnium
445 1995 623 2058 coelestium
661 1994 812 2056 virtutum
841 2005 948 2058 tuetur
976 1997 1155 2060 exercitus:
1187 2008 1220 2061 et

266 2094 427 2178 majestas,
453 2117 525 2179 quae
552 2097 704 2159 Satanam
729 2096 866 2158 conterit
891 2097 950 2161 sub
976 2096 1116 2179 pedibus
1143 2099 1219 2176 suis,

269 2196 309 2259 de
323 2197 473 2260 membris
489 2197 569 2280 ejus,
584 2197 734 2260 ministris
758 2198 923 2280 nequitiae,
937 2207 974 2260 ut
988 2220 1063 2281 spes
1078 2198 1219 2263 fidelium

267 2309 326 2376 est,
356 2302 399 2362 et'
416 2300 587 2382 promissio
616 2309 753 2384 patrum,
788 2300 863 2377 cito,
892 2299 995 2378 facile,
1026 2311 1059 2364 et
1086 2301 1221 2364 feliciter

269 2400 487 2483 triumphabit.

381 2748 602 2813 EPISTOLA
627 2748 936 2815 CCXXVIII.-an
951 2771 1104 2816 annnam.

587 2850 677 2930 [nno.
693 2869 723 2914 a,
740 2871 771 2914 n.
794 2850 901 2933 lma]

478 2992 605 3055 Joaaut
619 2994 820 3058 Pictaviorum
834 2997 911 3076 epis.
926 2996 960 3060 J.
976 2997 1013 3061 S.

312 3132 564 3191 Inscnrnrmurs
580 3138 710 3193 mutatae
732 3150 844 3193 causas
865 3130 1000 3195 reddere
1023 3131 1220 3213 superfluum

269 3239 358 3313 puto,
374 3250 472 3311 quum
493 3230 700 3312 perspicuum
717 3230 769 3307 sit,
783 3232 958 3314 praesertim
979 3232 1126 3313 sapienti,
1141 3242 1221 3315 quoss

268 3330 356 3391 niam
386 3329 507 3392 malitia
544 3330 707 3412 temporis,
736 3341 769 3393 et
806 3329 1024 3393 insidiantium
1055 3332 1222 3413 vigilantia

267 3441 381 3513 praeter
405 3452 526 3494 morem
551 3432 688 3495 scribere
711 3445 841 3513 cogant,
865 3444 897 3495 et
919 3444 1030 3496 contra
1054 3435 1219 3496 rationem.

270 3529 504 3612 Indulgendum
532 3542 580 3595 est
608 3552 683 3613 ergo
713 3532 905 3609 necessitati,
931 3532 958 3593 si
988 3553 1053 3594 non
1082 3530 1222 3595 defertur

262 3630 404 3692 ›bonoriz
435 3652 497 3693 nec
519 3632 636 3695 habere
656 3619 755 3695 debet
778 3632 994 3715 suspicionem
1016 3632 1152 3714 injuriae,
1169 3631 1223 3693 cui

269 3734 443 3816 conspicua
459 3735 646 3815 suffragatur
662 3734 848 3816 approbatae
869 3732 949 3795 ratio
965 3753 1080 3796 causae.
1125 3732 1222 3796 Unde

269 3855 343 3896 vero
366 3835 572 3917 praesumptio
589 3833 713 3897 videtur
728 3834 826 3896 officii
842 3833 986 3897 attulisse
1009 3832 1223 3916 dispendium,

270 3934 345 3997 inde
361 3935 476 3998 caritas
491 3934 691 3998 necessitatis
705 3945 826 3998 arctata
838 3936 965 3997 stimulo
979 3936 1113 4018 suscipit
1122 3936 1223 3997 incre·

271 4046 423 4097 mentum.
469 4036 555 4097 Nam
578 4045 611 4097 et
633 4027 773 4100 fornacis
795 4049 949 4117 augentur
970 4034 1131 4107 incendia,
1147 4033 1224 4095 siin

272 4136 415 4198 flammas
429 4157 592 4217 erumpere
613 4137 831 4217 prohibentur.
876 4138 921 4198 Et
942 4148 977 4199 ut
999 4141 1133 4215 experto
1155 4150 1224 4193 cre·

274 4232 364 4295 datur
378 4237 512 4312 auctori,

378 4340 480 4404 Quanto
491 4340 549 4418 plus
562 4342 667 4407 tegitur,
681 4346 765 4392 tectus
776 4341 863 4406 magis
875 4342 972 4391 aestuat
983 4336 1060 4401 ignis,
