3034 5200
294 678 332 736 16
549 688 685 732 rouuurs
700 683 982 730 sunnsunuruusrs
1150 667 1196 746 [u.
1212 686 1243 730 n.

291 840 530 925 praedicassent.
574 842 679 903 Nemo
689 839 780 902 enim
795 841 829 903 iu
844 840 955 924 aliquo
969 849 1181 923 persequutus
1195 847 1244 901 est

292 942 379 1026 quod
394 953 461 1006 erat
472 953 527 1006 aut
538 941 704 1005 dicebatur
713 943 840 1006 Helias:
864 964 959 1006 nemo
969 942 1095 1024 punivit
1104 943 1245 1025 aliquem

292 1045 368 1128 quia
382 1045 495 1108 Petrus
510 1054 594 1107 esset
609 1054 664 1107 aut
675 1045 810 1108 Paulus:
834 1055 866 1107 et
879 1046 901 1109 J
901 1043 1045 1106 ohannes
1062 1053 1148 1107 tutus
1163 1051 1247 1105 esset

291 1147 326 1209 in
342 1156 517 1229 conspectu
529 1144 680 1221 Herodis,
689 1146 751 1209 nisi
764 1145 896 1222 diceret,
906 1165 973 1208 non
984 1143 1056 1207 licet
1065 1146 1124 1208 tibi
1134 1143 1247 1206 labere

293 1264 427 1308 uxorem
442 1247 567 1326 fratris
592 1247 652 1308 tui.
689 1247 806 1308 Nullus
833 1246 977 1310 enimin
1002 1255 1122 1310 tantam
1146 1245 1247 1308 evasit

294 1347 505 1430 tyrannidem,
517 1356 554 1410 ut
568 1358 711 1411 naturam
727 1358 976 1431 persequeretur.
1015 1347 1079 1411 Sed
1093 1348 1246 1430 frequens

296 1459 354 1527 est,
369 1459 402 1514 et
417 1450 524 1512 multis
538 1451 683 1532 vulgatur
698 1451 867 1534 exempliS,
882 1451 960 1534 quia

575 1559 673 1610 veritas
684 1557 772 1610 odium
784 1560 860 1629 parit.

298 1658 362 1731 Qui
384 1678 460 1736 ergo
482 1664 714 1738 persequuntur
735 1656 769 1717 in
792 1656 851 1720 hac
876 1676 974 1719 causa
989 1656 1249 1720 Cautuariensem

299 1757 588 1838 archiepiscopum,
599 1777 666 1818 non
681 1755 742 1817 hoc
758 1766 993 1838 persequuntur
1007 1757 1096 1840 quod
1108 1757 1250 1819 Thomas

299 1868 360 1935 est,
374 1857 461 1941 quod
481 1856 609 1919 natione
624 1855 875 1934 Lundoniensis‚
890 1857 1025 1919 clericus
1046 1858 1252 1938 professione,

303 1957 403 2040 gradu
416 1957 574 2033 sacerdus,
585 1957 757 2041 episcopus
769 1956 939 2036 dignitate:
956 1958 1012 2021 sed
1029 1957 1114 2041 quod
1127 1978 1252 2020 annun-

303 2056 1007 2141 ciatpopuloDeisceleraeorum‚etutlegem
1016 2058 1254 2122 Deiaudiantet

304 2161 456 2225 obediant
466 2159 628 2243 principes
638 2159 848 2223 Sodomorum
859 2169 891 2223 et
902 2162 1042 2243 populus
1054 2162 1252 2224 Gomorrhae.

305 2261 1254 2349 Quidestorgoquodpersequuntur?prosectoapostolorum

305 2365 435 2449 spiritus
450 2372 483 2426 et
502 2363 739 2445 prophetarum,
755 2363 884 2445 spiritus
902 2363 1039 2448 justitiae
1054 2375 1088 2428 et
1103 2364 1253 2439 veritatis,

306 2468 434 2551 spiritus
448 2465 547 2550 patris
562 2475 593 2529 et
609 2465 666 2528 filii
682 2475 714 2529 et
727 2465 947 2531 indubitanter
958 2468 1095 2550 Spiritus
1107 2467 1253 2531 Sanctus.

308 2572 395 2636 Nam
408 2568 442 2633 id
457 2569 690 2645 abominantur,
705 2569 877 2634 abhorrent
891 2579 922 2634 et
936 2571 1084 2654 puniunt,
1097 2569 1183 2653 quod
1199 2589 1257 2651 per

307 2674 480 2759 prophetas
500 2682 532 2736 et
551 2673 711 2755 apostolos
727 2673 839 2736 docuit
860 2672 997 2755 Spiritus
1017 2673 1166 2735 Sanctus.
1210 2671 1256 2732 Et

308 2777 335 2840 si
349 2776 419 2861 ipse
428 2774 547 2837 Paulus
558 2781 613 2836 aut
622 2774 644 2837 J
645 2794 764 2836 oannes
776 2772 863 2855 quod
878 2771 1004 2855 scripsit
1014 2769 1258 2854 praesentialiter

310 2876 439 2940 doceret
452 2875 486 2936 in
502 2896 606 2948 carne,
622 2882 677 2937 aut
692 2880 890 2956 torqueretur
907 2870 1085 2953 suppliciis,
1101 2878 1157 2932 aut
1173 2869 1259 2932 dice·

308 2986 394 3041 retur
408 2976 438 3038 ei
454 2974 495 3038 ad
516 2976 631 3053 minus,
650 2975 772 3038 Recede
785 2996 808 3037 a
822 2973 922 3047 nobis,
937 2974 1109 3035 scientiam
1129 2972 1259 3035 uiarum

311 3086 444 3141 tuarum
467 3075 624 3148 uolumus,
647 3076 725 3156 quia
748 3074 839 3138 uobis
859 3076 1045 3137 contrarius
1066 3094 1108 3137 ec.
1153 3074 1262 3137 Semel

312 3181 464 3260 loquutus
479 3182 527 3236 est
542 3174 644 3247 Deus,
658 3180 691 3234 et
704 3172 738 3234 id
758 3175 865 3255 ipsum
886 3175 1030 3239 secundo
1046 3197 1111 3239 non
1127 3175 1260 3257 repetit:

311 3300 372 3343 uec
389 3276 430 3340 ad
444 3274 651 3339 eruditionem
663 3273 804 3337 vivorum
821 3278 952 3340 suscitat
966 3288 1117 3341 mortuos.
1154 3278 1262 3350 Quum

312 3382 346 3445 iu
369 3376 521 3443 Ecclesia
542 3386 716 3460 praeseutes
738 3376 803 3440 siut
824 3378 956 3462 Moyses
978 3390 1011 3442 et
1031 3378 1212 3463 Prophetae,
1228 3388 1263 3441 ut

315 3480 483 3546 audiantur
497 3486 527 3541 et
545 3476 681 3539 doceant
692 3480 861 3561 populum:
884 3490 916 3543 et
931 3491 968 3544 ut
981 3502 1065 3564 pars,
1079 3500 1151 3564 quae
1167 3480 1263 3541 verbo

316 3582 448 3647 Domini
463 3579 693 3644 condemnatur
707 3601 750 3643 ex
766 3581 925 3646 sententia
946 3584 1063 3666 Moyse
1079 3592 1112 3645 et
1128 3582 1264 3665 prophe·

316 3697 429 3761 tarum,
449 3682 540 3747 alteri
555 3681 719 3745 victoriam
743 3682 847 3760 cedat,
862 3685 1040 3767 applicetur
1061 3684 1191 3769 Ephod,
1207 3682 1265 3745 ubi

317 3785 527 3851 manifestatio
551 3794 600 3847 est
622 3784 761 3847 veritatis
783 3795 814 3848 et
832 3785 961 3870 judicii,
984 3796 1015 3848 et
1037 3786 1266 3869 respondeatur

317 3888 492 3971 uuicuique
507 3886 683 3950 secundum
706 3907 805 3970 opera
826 3908 893 3951 sua.
938 3888 1086 3951 Formam
1100 3887 1184 3949 hauc
1199 3905 1265 3947 non

319 3991 459 4057 declinat
494 3988 735 4054 Cantuariensis
763 3988 1022 4072 archiepiscopus
1051 4008 1157 4071 neque
1194 3986 1264 4049 sui:

318 4096 417 4159 immo
441 4101 554 4175 optant
572 4102 605 4155 et
626 4099 726 4168 orant,
743 4100 777 4153 ut
798 4090 837 4153 de
860 4092 950 4153 vultu
965 4090 1054 4153 verbi
1076 4088 1153 4168 Dei,
1166 4087 1201 4150 id
1220 4097 1269 4151 est

319 4199 399 4278 legis
422 4195 549 4271 divinae,
559 4192 719 4278 judicium
743 4193 869 4256 illorum
892 4191 1036 4276 prodeat,
1052 4203 1085 4255 et
1099 4192 1183 4255 oculi
1200 4194 1266 4255 Do-

320 4296 400 4358 mini
414 4295 580 4359 declarent
593 4292 782 4377 aequitatem.
827 4292 861 4355 Si
877 4292 955 4376 quid
966 4292 1051 4355 enim
1066 4292 1167 4375 exigit
1182 4292 1270 4376 quod
