3034 5200
283 752 390 833 nen]
666 757 846 815 smsrotn.
1187 743 1228 810 to

279 945 375 987 manu
399 922 574 988 sacerdotis
596 924 849 987 obmutescentis
870 921 917 985 sic
941 920 1116 1006 exquiritur
1138 929 1173 981 ut
1197 926 1230 981 et

280 1025 348 1107 ipse
362 1045 420 1108 pro
436 1024 565 1087 silentio
588 1022 764 1087 moriatur?
801 1024 934 1104 Moyses
955 1042 1069 1085 manus
1087 1041 1152 1084 non
1172 1019 1229 1082 de·

279 1115 415 1200 irrisisse,
438 1123 495 1188 sed
522 1124 665 1188 erexisse
691 1123 892 1198 describitur,
915 1133 951 1186 ut
974 1122 1127 1186 Amalech
1151 1132 1229 1185 ster·

278 1235 413 1289 neretur.
451 1225 537 1288 Arca
552 1224 617 1287 Dei
631 1244 696 1287 non
711 1224 829 1304 legitur
843 1224 1014 1307 captivata,
1022 1223 1085 1286 nisi
1100 1221 1229 1307 quando

277 1344 426 1406 perversa
440 1323 687 1388 mausuetudine
701 1325 802 1407 patris
816 1324 967 1388 sacerdos
991 1324 1075 1386 filios
1095 1342 1229 1404 arguens

279 1427 326 1490 uti
344 1426 468 1504 maluit,
486 1446 583 1508 quem
605 1425 772 1488 severitate
794 1434 827 1489 et
846 1426 1033 1489 auctoritate
1053 1423 1226 1508 pontificis

279 1526 403 1602 Achab,
418 1535 452 1589 ct
465 1524 492 1587 si
507 1525 659 1606 reprobus
674 1523 777 1601 fuerit,
793 1544 859 1605 prae
874 1524 1067 1606 quibusdam
1082 1522 1229 1586 sacerdo·

278 1627 365 1688 tibus
378 1636 496 1687 nostrae
513 1624 614 1687 aetatis
629 1622 743 1685 divinae
758 1624 840 1705 legis
855 1624 968 1686 habuit
983 1626 1099 1687 zelum.
1143 1625 1229 1686 Nam

281 1726 337 1809 qui
352 1747 475 1803 aurum,
489 1736 663 1807 argentum,
676 1725 793 1788 variam
808 1724 1052 1807 supellectilem,
1068 1725 1185 1787 liberos
1199 1731 1230 1786 ct

280 1848 399 1890 uxores
412 1827 477 1909 regi
493 1826 593 1909 Syria
612 1826 646 1888 in
666 1826 894 1890 commercium
915 1826 1006 1907 pacis
1026 1834 1229 1908 exposuerat,

280 1927 444 1990 domorum
459 1926 613 1990 scrutinia
624 1946 687 1988 non
705 1924 877 2002 concessit,
888 1934 925 1987 ut
940 1924 1057 1988 divinae
1072 1925 1154 2005 legis
1165 1945 1229 1987 ser·

279 2040 365 2093 varet
384 2030 492 2102 libros,
508 2049 590 2110 quos
610 2043 666 2090 rex
686 2026 837 2089 inimicus
856 2047 921 2109 prae
941 2027 1064 2090 caetcris
1082 2027 1229 2089 omnibus

280 2124 428 2215 cupiebat
443 2129 573 2192 auferre.
621 2127 718 2191 Unde
734 2139 767 2190 et
781 2127 862 2206 legis
878 2128 1001 2191 sclusa
1016 2129 1088 2190 Deo
1102 2137 1230 2190 auctore

278 2231 340 2312 ipsi
350 2229 729 2293 Achab'consolationem
737 2228 882 2305 retulitet
891 2228 1095 2311 triumphum.
1118 2228 1230 2290 Petms

279 2331 398 2394 solidas
412 2330 533 2392 invenit
548 2342 650 2413 aquas
664 2330 833 2391 ambulans
854 2328 889 2394 in
907 2328 985 2391 fidei
1005 2328 1230 2393 fundamento:

279 2417 381 2512 mergi
399 2440 505 2493 tamen
523 2429 635 2511 coepit,
651 2449 694 2491 ex
717 2450 780 2512 quo
801 2428 997 2492 imminentis
1019 2450 1102 2492 aurae
1124 2428 1231 2491 timuit

279 2526 401 2595 flatum.

322 2632 387 2695 Sed
402 2632 481 2716 quid
497 2628 538 2694 ad
559 2631 691 2694 Petrum
712 2634 861 2714 exempla
876 2631 1072 2695 decurritur?
1112 2634 1230 2695 Nonne

279 2731 1230 2817 dominuspapa,(cujusritamadpauperumconsolationem

279 2834 431 2917 optimam
447 2845 479 2906 et
493 2833 678 2897 diuturnam
699 2833 797 2897 faciat
815 2832 986 2913 Dominus)
1003 2836 1075 2896 zelo
1085 2831 1231 2916 justitiae,

279 2956 374 3019 quem
403 2956 529 3018 semper
562 2934 687 3010 habuit,
717 2934 870 2998 meruisse
899 2935 1079 2999 credendus
1108 2945 1167 3005 cst,
1197 2947 1232 2997 ut

279 3036 382 3098 hostis
403 3034 480 3098 fidei
502 3033 691 3098 Fredericus
713 3033 870 3097 contritus
891 3035 931 3097 sit
952 3056 971 3098 a
992 3036 1074 3099 facie
1097 3034 1176 3119 ejus,
1200 3047 1232 3099 et

279 3136 328 3199 ira
341 3134 408 3197 Dei
423 3144 526 3197 castra
539 3134 610 3216 ejus
624 3133 852 3211 exterminarit,
863 3135 920 3218 qui
928 3134 998 3219 jam
1014 3136 1176 3199 videbatur
1191 3135 1231 3198 de

281 3236 362 3298 urbe
377 3235 409 3297 ct
429 3235 505 3297 orbe
524 3242 557 3296 ct
574 3233 741 3296 universali
757 3233 910 3297 Ecclesia
923 3235 1147 3318 triumphasse.
1191 3238 1230 3298 ln

283 3350 348 3419 quo
363 3342 470 3397 tamen
486 3334 588 3415 magis
609 3331 656 3410 (ut
674 3332 893 3398 indubitanter
907 3334 1016 3417 credo)
1032 3336 1131 3419 adjuti
1154 3337 1231 3399 estis

281 3434 430 3517 precibus
458 3455 635 3519 pauperum
666 3434 796 3514 Christi,
825 3457 922 3520 quam
951 3445 1129 3500 vestrorum
1154 3459 1231 3500 con·

281 3536 359 3599 siliis
394 3546 448 3600 aut
482 3537 600 3599 viribus
629 3536 858 3600 Romanorum.
910 3537 1074 3600 Audenter
1102 3559 1230 3620 quoquc

282 3636 430 3715 dixerim,
444 3638 530 3720 quod
545 3658 602 3699 vos
622 3658 681 3700 suo
701 3637 856 3700 miraculo
872 3638 951 3701 citra
964 3638 1139 3700 humanum
1155 3659 1231 3703 con⁶

281 3737 389 3800 silium
403 3738 444 3801 de
465 3738 610 3801 faucibus
631 3738 735 3801 leonis
753 3738 887 3820 eripuit3
913 3749 948 3801 ut
963 3738 1003 3800 de
1020 3748 1135 3822 caetero
1150 3761 1232 3803 sem·

281 3858 339 3919 per
361 3847 484 3902 tantum
506 3839 652 3902 habeatis
673 3840 707 3901 in
730 3841 803 3901 Deo
827 3839 993 3902 fundatore
1015 3841 1175 3903 Ecclesiae
1200 3853 1233 3904 et

282 3939 415 4002 custode
437 3947 470 4001 et
491 3938 605 4001 eodem
636 3949 738 4003 restro
765 3940 932 4002 liberatore
959 3939 1122 4018 fiduciam,
1144 3939 1232 4022 quod

281 4060 340 4101 uec
360 4038 595 4103 adversantium
618 4040 714 4101 minis
731 4060 791 4102 uec
811 4040 1045 4102 blandientium
1067 4039 1231 4100 fraudibus

281 4137 437 4201 recedatis
466 4161 486 4202 a
513 4140 565 4201 via
593 4149 691 4217 recta,
722 4150 778 4202 aut
814 4150 926 4203 contra
957 4142 1061 4220 legem
1095 4133 1231 4198 credatis

283 4234 323 4298 de
350 4239 420 4319 lege
443 4239 703 4322 dispensandum.
758 4242 843 4303 Nam
866 4241 921 4322 qui
944 4236 1147 4300 Fredcricum
1177 4233 1231 4296 de-

276 4336 360 4419 jecit
397 4359 501 4403 coram
531 4339 634 4418 vobis,
662 4339 806 4419 prolecto
835 4347 868 4400 et
899 4337 979 4398 alios
1017 4345 1166 4417 tyrannos
1203 4334 1231 4395 si

731 4444 788 4500 112
