3034 5200
429 737 492 795 276
690 754 828 798 mamus
844 751 1122 797 sinuaretur-:usis
1290 736 1338 816 [a.
1357 757 1393 802 n.

431 913 545 964 vestrae
560 915 591 965 et
608 926 695 969 meae.
742 905 868 966 Placeat
890 904 999 988 itaque
1014 902 1173 966 sanctitati
1189 917 1318 985 vestrae,
1332 910 1395 994 qui

431 1004 462 1064 in
478 1002 537 1065 hac
552 1018 642 1088 parte
657 1005 789 1069 novistis
803 1005 1014 1067 innocentiam
1030 1027 1143 1078 meam,
1159 1004 1278 1068 divinae
1294 1007 1394 1073 mise-

432 1102 563 1168 rationis
580 1104 698 1169 intuitu
715 1127 796 1181 eam,
808 1127 909 1190 quum
925 1104 1081 1188 optimum
1098 1104 1208 1180 fuerit,
1224 1127 1395 1188 excusare,

435 1216 470 1267 ut
488 1205 575 1270 Deus
591 1229 646 1270 vos
661 1219 693 1270 et
710 1219 833 1270 vestros
847 1206 888 1269 ab
903 1206 989 1269 omni
1003 1205 1184 1270 discrimine
1200 1219 1342 1273 tueatur.

433 1469 653 1538 EPISTOLA
684 1466 960 1529 cccxlii-in
986 1481 1169 1525 manarum
1193 1482 1235 1525 ar
1259 1483 1395 1529 rason-

595 1585 716 1631 wmma
732 1581 947 1628 clamamus.
993 1562 1081 1641 [un.
1100 1563 1209 1642 lita]

433 1700 631 1769 ,Reverentia
645 1696 783 1761 dominis
804 1704 834 1758 et
844 1694 997 1779 patribus
1010 1697 1046 1757 in
1069 1696 1195 1759 Chrt'sto
1215 1702 1396 1765 carissimis

479 1811 515 1869 Α.
542 1812 572 1868 et
600 1803 640 1865 T.
664 1810 784 1862 sanctae
809 1801 965 1861 Romana
991 1798 1130 1860 ecclatiae
1152 1801 1350 1882 presbyteris
1364 1814 1398 1867 et

477 1910 561 1972 redis
574 1903 751 1988 apostolice
766 1901 874 1984 leqatis
890 1901 923 1962 J.
939 1901 978 1962 de
994 1902 1066 1963 Sar.
1087 1906 1271 1965 sanctitatis
1285 1926 1394 1968 eorum

477 2030 593 2083 saona,
609 2004 752 2076 salutem,
776 2010 808 2063 et
826 2009 989 2081 promptae
1007 2001 1181 2064 devotionis
1202 2012 1233 2066 et
1245 2026 1394 2069 reueren-

479 2111 534 2171 tice
540 2104 754 2191 famulatum.

478 2227 603 2288 D1vuru
626 2232 790 2306 praeeunte
813 2230 844 2282 et
871 2219 960 2283 vobis
980 2234 1168 2304 cooperante
1187 2225 1302 2305 gratia,
1319 2247 1393 2311 apes

436 2323 658 2390 consolationis
673 2320 780 2384 illuxit
801 2319 952 2399 ecclesiae,
973 2334 1004 2384 et
1026 2319 1204 2385 insedibus
1226 2324 1311 2409 apud
1333 2349 1392 2390 nos

435 2427 622 2493 vacantibus
633 2425 761 2490 tandem
774 2426 834 2487 rite
846 2423 936 2486 licuit
947 2422 1076 2486 idoneos
1083 2423 1228 2487 ordinare
1235 2439 1389 2507 pastores

436 2532 532 2597 Unde
547 2544 578 2596 et
595 2529 729 2615 contigit
750 2540 787 2591 ut
808 2525 936 2588 ecclesia
959 2525 1105 2589 Winton.
1130 2527 1190 2590 sibi
1210 2527 1242 2590 in
1265 2541 1389 2615 patrem

437 2651 468 2701 et
484 2647 642 2722 pastorem
658 2632 787 2716 elegerit
804 2630 907 2693 virum
923 2651 1019 2713 quem
1040 2640 1077 2692 ut
1092 2629 1235 2693 fidelium
1255 2654 1327 2717 spes
1341 2646 1389 2697 est

437 2737 477 2801 ad
501 2738 560 2800 hoc
580 2748 653 2799 ante
676 2734 836 2796 Dominus
858 2731 1075 2817 praeelegerat,
1091 2744 1204 2817 utpote
1219 2756 1257 2795 ex
1275 2756 1391 2819 magna

437 2851 527 2926 parte
543 2837 637 2902 talem
655 2836 778 2921 qualem
796 2833 916 2897 Paulus
935 2833 1118 2917 episcopum
1141 2834 1287 2920 praecipit
1304 2835 1390 2899 ordi-

437 2942 515 3005 nari.
578 2939 611 3001 Is
641 2950 687 3000 est
718 2934 941 2999 devotissimus
964 2934 1103 2998 ecclesiae
1128 2937 1281 3000 llomanae
1304 2937 1390 3003 filius

438 3040 597 3107 Ricardus
621 3038 782 3125 quondam
806 3039 1002 3100 Pictavensis
1027 3037 1275 3118 archidiaconus,
1297 3041 1391 3126 cujus

438 3143 627 3225 elemosynae
663 3141 866 3202 consolantur
899 3138 1043 3201 ecclesias
1076 3152 1267 3219 sanctorum,
1296 3142 1392 3226 cujus

437 3242 604 3305 facultates
634 3252 708 3302 sunt
743 3260 910 3323 egenorum
945 3236 1100 3318 subsidia,
1129 3240 1221 3323 cujus
1250 3252 1392 3326 potestas

436 3353 481 3402 est
498 3340 732 3401 firmamentum
743 3338 882 3421 justitiae
898 3348 929 3401 et
953 3337 1134 3424 iniquitatis
1156 3341 1389 3407 exterminatio.

437 3442 497 3504 Est
532 3456 637 3501 autem
673 3438 720 3499 vir
749 3437 889 3523 prudens
919 3438 950 3500 in
987 3440 1137 3521 consiliis,
1170 3443 1325 3506 discretus
1355 3443 1391 3506 in

436 3564 543 3630 opere,
571 3538 735 3603 modestus
759 3540 791 3601 in
824 3537 931 3612 verbo,
959 3540 1052 3626 cujus
1078 3554 1114 3604 ut
1140 3542 1253 3626 opinor
1282 3542 1393 3607 indus-

438 3646 530 3711 triam
555 3656 587 3707 et
613 3641 762 3706 affectum
786 3640 936 3727 potuistis
960 3664 1016 3704 vos
1042 3641 1103 3725 ipsi
1127 3644 1321 3728 quandoque
1336 3666 1393 3708 ex-

436 3747 542 3834 periri.
590 3748 641 3808 Sic
661 3748 744 3807 enim
761 3743 801 3806 ad
819 3746 923 3806 Deum
945 3754 1012 3806 tota
1027 3755 1131 3806 mente
1157 3743 1297 3805 creditur
1322 3767 1393 3810 esse

436 3869 616 3922 conversus,
640 3859 676 3908 ut
692 3868 748 3909 sua
764 3844 869 3907 omnia
891 3856 1071 3906 contemnat
1087 3840 1228 3924 prolege
1245 3841 1390 3925 Domini,

436 3964 467 4015 et
484 3950 635 4035 seipsum
652 3947 683 4008 in
708 3945 903 4009 necessitatis
922 3942 1054 4007 articulo
1073 3952 1205 4025 paratus
1221 3943 1261 4004 sit
1276 3946 1392 4011 offerre

437 4050 623 4115 sacrificinm
637 4051 717 4112 Deo.
742 4047 867 4110 Electio
882 4046 952 4131 ejus
967 4043 1068 4128 primo
1084 4042 1114 4103 in
1128 4042 1296 4130 episcopali
1315 4047 1392 4111 sede

436 4153 595 4216 celebrata
622 4160 680 4220 est,
705 4146 737 4211 in
768 4152 986 4233 episcoporum
1018 4158 1176 4208 conventu
1209 4146 1392 4212 solemniter

436 4252 623 4340 approbata,
654 4264 684 4312 et
709 4262 772 4313 tam
791 4248 979 4321 electionem
1003 4269 1098 4331 quam
1129 4248 1390 4334 approbationem

437 4358 542 4438 regius
565 4351 724 4415 roboravit
747 4372 899 4413 assensus.
947 4350 1073 4415 Placeat
1098 4350 1206 4434 itaque
1229 4351 1390 4415 sanctitati
