3034 5200
274 671 332 729 118
560 685 697 731 retusus
715 683 999 729 suuusuurunusrs
1134 666 1180 746 [u.
1200 685 1230 729 u.

289 925 511 989 EPISTOLA
541 923 780 987 cortus-m
809 941 1014 985 couvnunun
1047 941 1215 986 nectasrn

475 1043 751 1090 cauruanrnusrs.
802 1024 845 1104 [r.
865 1044 896 1086 n.
917 1024 1024 1104 llos]

280 1196 492 1259 Universitati
514 1201 699 1257 circatorum
721 1193 829 1275 quiin
848 1192 958 1274 primo
973 1193 1231 1256 Britanniorum

317 1297 388 1360 sede
407 1305 522 1360 sancto
547 1295 781 1360 Cantabricum
802 1293 950 1361 Ecclesia
964 1294 1105 1356 Domino
1117 1295 1232 1375 somu-

320 1395 443 1476 tactor,
458 1416 761 1468 comemmorans,
777 1401 809 1458 et
811 1398 961 1477 fratrum
977 1395 1131 1457 minimus
1144 1399 1233 1458 eolu-

319 1509 393 1576 iem,
408 1508 440 1564 ct
459 1508 587 1585 protom
610 1500 681 1563 Deo
695 1498 905 1562 obedientiam
927 1499 1066 1560 victimis
1087 1499 1233 1562 omnibus

318 1605 491 1686 (anteferre.

321 1739 435 1814 Unus,
457 1735 669 1798 amantissimi
692 1733 815 1796 domiui
838 1735 902 1797 mei
925 1745 958 1798 ct
977 1736 1157 1802 dulcissimi
1172 1738 1232 1802 fra·

277 1849 350 1913 tres,
366 1836 535 1901 exordiar?
560 1836 658 1901 Unde
674 1834 805 1919 spiritus
820 1836 918 1900 tristis
932 1847 965 1900 et
978 1839 1082 1902 alieno
1094 1850 1233 1905 conster-

276 1952 369 2003 natus
384 1961 486 2002 errore
504 1939 591 2002 verbi
606 1948 710 2003 sumet
725 1938 876 2002 initium?
900 1940 974 2015 Quo
986 1941 1112 2004 -miserae
1123 1953 1156 2006 et
1166 1963 1232 2025 prae

276 2043 386 2106 dolore
401 2042 585 2123 languentis
596 2041 712 2104 animae
723 2040 943 2123 progredietur
953 2040 1079 2107 oratio?
1103 2044 1232 2109 Poterat

278 2146 433 2209 hacteuus
457 2154 559 2208 vestra
584 2145 633 2224 (ut
658 2145 753 2207 verbo
775 2145 1043 2226 temperatissimo
1073 2156 1106 2209 et
1134 2144 1233 2227 digno

277 2248 415 2311 dominis
439 2248 522 2322 utar)
545 2245 741 2327 negligentia
763 2247 930 2311 excusari:
953 2246 1010 2319 sed
1023 2228 1103 2312 ecce
1119 2248 1145 2311 si
1161 2249 1233 2332 quis

277 2348 361 2432 vulgi
373 2359 524 2431 sequatur
540 2348 734 2432 opinionem,
744 2360 837 2431 tepor
847 2350 880 2412 in
891 2349 1004 2412 odium
1020 2360 1232 2414 commutatus

278 2466 335 2531 est,
366 2451 563 2532 negligentia
593 2450 717 2513 transiit
745 2451 778 2512 in
810 2464 1039 2536 contemptum,
1069 2453 1233 2520 caritatem

277 2555 412 2618 mentita
426 2554 597 2628 simulatio,
614 2553 719 2638 erupit
733 2554 766 2617 in
781 2554 937 2633 fraudem,
951 2566 983 2619 et
999 2577 1034 2620 se
1058 2555 1234 2620 manifestis

278 2679 381 2720 rerum
399 2657 594 2740 argumentis
610 2658 772 2721 convincit
787 2679 856 2720 esse
878 2657 1058 2739 perfidiam.
1107 2660 1158 2722 Ita
1174 2658 1232 2736 (in-

279 2760 391 2841 quam)
408 2759 433 2822 si
458 2758 546 2841 vulgi
569 2760 774 2822 convalescat
796 2757 917 2840 opini0.
963 2757 1027 2820 Sed
1050 2758 1168 2841 quibus
1191 2758 1232 2822 de

277 2872 393 2925 caetero
405 2862 521 2944 poterit
532 2860 778 2942 allegationibus
789 2856 960 2921 infirmari?
982 2857 1130 2922 Profecto
1145 2860 1233 2943 quod

278 2964 310 3025 in
326 2964 467 3026 fraudem
484 2962 547 3025 Dei
565 2957 728 3046 praesumit
742 2960 903 3043 sapientia
918 2960 1034 3037 carnis,
1057 2982 1184 3045 semper
1198 2962 1232 3024 in
1268 3014 1270 3017 .

279 3064 470 3127 contrarium
493 3064 657 3146 proposito
678 3064 783 3147 pergit
804 3074 963 3141 eventum,
978 3074 1010 3125 et
1024 3062 1110 3126 unde
1126 3085 1233 3149 spera-

279 3168 397 3229 bantur
412 3165 607 3248 compendia
630 3166 813 3249 voluptatist,
829 3164 904 3228 inde
927 3165 1025 3229 totius
1040 3166 1187 3231 utilitatis
1202 3180 1235 3231 et

279 3265 466 3328 intentionis
482 3264 652 3348 dispendia
666 3268 818 3332 oriuntur.
865 3269 918 3332 Sic
940 3268 1059 3347 Judaei,
1073 3291 1114 3332 ne
1129 3272 1235 3333 locum

279 3365 457 3447 perderent,
473 3385 513 3427 ne
530 3363 730 3457 sacerdotum
752 3367 916 3451 principes
931 3369 1036 3451 gentis
1053 3371 1235 3433 amitterent

280 3477 480 3551 potestatem,
493 3466 623 3530 Christo
631 3466 835 3531 tetenderunt
845 3469 997 3536 insidias:
1013 3480 1046 3533 et
1055 3479 1236 3535 corruentes

279 3572 311 3634 in
327 3571 451 3634 foveam
468 3590 563 3655 quam
579 3569 723 3633 fecerunt
736 3570 939 3635 venientibus
955 3571 1111 3635 Romanis
1124 3571 1234 3636 locum

279 3671 496 3758 perdiderunt,
518 3680 550 3736 et
572 3684 710 3753 gentem.
758 3672 813 3736 Sic
836 3683 869 3736 et
891 3693 959 3750 vos,
981 3674 1008 3735 si
1033 3682 1138 3735 tamen
1161 3692 1235 3735 vera

281 3784 356 3837 sunt
372 3796 442 3857 quae
458 3777 572 3856 vulgus
587 3775 715 3853 clamat,
725 3796 831 3858 neque
841 3775 925 3837 enim
940 3775 1034 3837 facile
1045 3772 1234 3838 crediderim

281 3874 368 3959 quod
381 3875 415 3935 in
433 3884 552 3936 tautam
575 3874 769 3954 vigilantiam
786 3886 819 3936 et
834 3872 1081 3937 sollicitudiuem
1105 3872 1235 3937 caeoitas

283 3989 371 4043 tauta
385 3974 548 4045 ceciderit,
564 3975 610 4034 sic
626 3975 757 4056 inquam
775 3975 904 4037 misistis
918 3972 959 4036 ad
973 3994 1083 4053 regern
1097 3986 1132 4036 ut
1147 3974 1235 4057 quod

283 4083 323 4145 ad
340 4103 414 4147 eum
428 4099 494 4142 non
510 4075 657 4159 pertinet,
677 4074 779 4157 priore
795 4085 919 4137 mortuo
940 4074 1031 4137 vobis
1045 4075 1145 4139 ulium
1159 4076 1235 4139 sub·

282 4196 415 4264 rogaret.
433 4179 519 4255 Quid
530 4176 628 4252 aliud,
641 4198 761 4261 quaeso,
771 4176 847 4240 fecit
857 4178 954 4239 lsrael
965 4178 1096 4241 absente
1107 4179 1236 4263 Moyse,

283 4286 322 4345 ab
340 4288 443 4349 Aaron
459 4294 616 4366 expetens
631 4291 667 4346 ut
681 4281 773 4344 Deos
795 4279 963 4344 fabricaret
986 4280 1042 4363 qui
1065 4302 1099 4344 se
1114 4302 1235 4365 praece-
