3034 5200
292 715 355 772 962
543 729 678 774 ruamus
696 728 973 774 sxnxsanmnusrs
1151 713 1197 790 [A.
1216 733 1245 776 n.

296 889 390 942 ventu
402 877 563 963 praestitae,
575 881 672 943 statui
683 903 738 944 suo
748 880 925 956 consulens,
937 884 1072 945 Rumam
1083 881 1246 966 profectus

295 991 342 1042 est
359 978 399 1041 ad
421 977 511 1042 illum
526 980 768 1046 famosissimum
791 985 1030 1067 negotiatorem,
1051 1005 1147 1068 quem
1167 1006 1247 1046 sem·

295 1100 352 1163 per
381 1079 454 1143 odio
484 1081 597 1146 habuit
627 1083 732 1146 anima
757 1097 881 1148 vestra:
915 1083 1107 1167 Gregorium
1140 1086 1247 1150 Sancti

295 1181 413 1264 Angeli
443 1182 642 1247 cardinalem.
698 1187 742 1249 Et
775 1208 832 1269 per
856 1184 947 1248 illum
977 1185 1010 1248 in
1041 1184 1247 1249 multitudine

295 1305 474 1367 sparsorum
490 1285 521 1347 in
538 1288 625 1349 curia
646 1309 813 1350 munerum
830 1287 981 1363 obtinuit,
997 1299 1032 1351 ut
1050 1287 1247 1372 justificatus

294 1384 412 1450 rediret
431 1387 464 1449 in
484 1387 615 1451 domum
635 1410 742 1451 suam:
765 1388 933 1464 incertum,
955 1410 1018 1474 qua
1040 1388 1102 1452 Dei
1120 1389 1248 1474 dispen-

295 1486 414 1551 satione
439 1503 617 1554 reservatus
646 1489 686 1553 ad
722 1491 842 1575 majora
869 1489 991 1574 flagitia
1024 1490 1247 1575 perpetranda,

296 1588 376 1653 sicut
400 1612 537 1675 praesens
560 1603 696 1656 testatur
718 1593 875 1676 diesque
898 1592 1049 1674 sanguine
1072 1592 1248 1656 innocentis

295 1705 494 1777 purpuratur
515 1694 655 1770 ecclesia,
679 1694 733 1778 qui
757 1694 943 1758 sceleratum
965 1694 1075 1768 istum,
1099 1694 1246 1778 eoquod

295 1793 481 1856 concurialis
502 1795 569 1879 ejus
588 1809 667 1869 erat,
683 1795 823 1859 fraterna
843 1795 973 1859 caritate
994 1796 1199 1881 compatiens,
1215 1808 1247 1858 et

294 1893 421 1979 frugem
452 1897 526 1961 vitae
556 1896 692 1961 melioris
726 1911 907 1983 expectans,
937 1895 1054 1960 debitae
1085 1896 1246 1961 subtraxit

295 1994 419 2060 ultioni.

294 2379 515 2445 EPlSTOLA
539 2376 774 2441 cccvi-n>
797 2396 1004 2442 witratuuu
1022 2397 1245 2443 snuounusau

531 2497 742 2542 serapoeum·
778 2479 822 2558 [x.
839 2500 870 2543 n.
890 2482 997 2562 1171.]

301 2613 476 2677 Venerabili
499 2612 625 2673 domiuo
647 2617 678 2673 et
698 2613 791 2692 patri
814 2613 977 2673 carissimo
1009 2612 1162 2674 Willelmo
1183 2612 1247 2674 Dea'

335 2718 446 2796 gratia
462 2714 645 2778 Seuoueraaa'
657 2714 902 2794 archiepiscopo,
918 2722 949 2775 et
964 2715 1046 2776 sedis
1068 2714 1252 2794 apostolicae

340 2818 453 2896 legato,
475 2834 554 2876 suus
567 2814 709 2876 Joeunea
727 2814 869 2886 salutem,
889 2820 918 2876 er
936 2815 1178 2895 protreptieum
1196 2813 1248 2876 de-

338 2918 470 2979 notionis
483 2915 675 2995 obsequium.
1126 2900 1130 2906 ’

337 3052 444 3111 chxr
475 3043 661 3129 Anglicanae
691 3044 829 3108 ecclesiae
862 3044 967 3107 adhuc
1003 3044 1110 3131 quoad
1146 3048 1247 3108 multa

294 3149 334 3212 sit
364 3147 475 3231 ingens
503 3144 667 3224 desolatio,
698 3145 827 3209 tristitia
857 3158 962 3209 tamen
992 3146 1078 3210 illius
1109 3148 1177 3231 jam
1207 3167 1246 3207 ex

294 3246 433 3310 maxima
461 3258 553 3330 parte
586 3248 618 3308 in
654 3245 809 3328 gaudium
842 3246 977 3323 transiit,
1008 3260 1040 3312 et
1072 3247 1180 3312 luctus
1210 3245 1246 3309 in

294 3345 415 3410 cantica
440 3344 523 3406 felici
554 3367 683 3427 prorsus
712 3361 744 3410 et
770 3346 845 3411 laeta
874 3349 1049 3412 mutatione
1078 3369 1248 3412 conversus

294 3458 361 3511 est:
400 3443 425 3507 si
454 3439 584 3527 quidem
610 3442 678 3526 jam
708 3440 788 3503 adeo
817 3443 859 3504 ad
885 3445 1069 3508 memoriam
1098 3444 1249 3526 martyris

293 3545 438 3613 inaudita
452 3542 604 3608 miracula
618 3541 821 3616 crebuerunt,
834 3555 882 3622 ut,
895 3542 921 3604 si
937 3543 1014 3605 alias
1029 3542 1173 3606 inaudita
1182 3541 1246 3604 illic

293 3646 508 3737 provenerint,
521 3644 573 3709 vix
584 3655 772 3709 censeantur
784 3643 869 3708 illius
880 3642 1040 3706 miraculis
1051 3642 1246 3707 ascribenda.

293 3752 385 3817 Sicut
399 3749 482 3812 enim
498 3748 530 3811 in
546 3746 632 3810 omni
653 3744 834 3810 conditione
852 3744 967 3809 nobilis
981 3744 1104 3808 animus
1121 3743 1245 3814 studuit

293 3848 537 3914 conniventibus
566 3846 765 3931 praeminere,
795 3844 839 3908 sic
865 3859 896 3910 et
925 3868 1021 3927 nunc,
1044 3858 1080 3907 ut
1110 3844 1244 3907 aliorum

293 3964 472 4017 sanctorum
493 3970 570 4033 pace
588 3947 734 4019 dixerim,
752 3946 841 4025 alios,
855 3946 896 4009 de
919 3948 1036 4032 quibus
1050 3946 1180 4028 legerim
1197 3944 1247 4007 vel

293 4052 460 4128 audierim,
475 4050 507 4112 in
523 4049 748 4112 miraculorum
761 4047 954 4111 exhibitione
965 4048 1127 4133 praecedit.
1151 4046 1246 4124 Quod

290 4155 363 4220 ideo
377 4152 469 4217 facile
484 4149 672 4215 crediderim
685 4148 877 4233 provenisse,
895 4162 932 4213 ut
947 4149 1043 4212 fidem
1059 4150 1092 4213 in
1101 4148 1247 4234 pluribus

293 4256 378 4319 orbis
402 4255 500 4316 nostri
527 4252 673 4337 partibus
702 4271 764 4313 non
790 4264 855 4315 tam
888 4254 1023 4336 sopitam
1054 4274 1150 4337 quam
1181 4250 1247 4313 fere

294 4377 422 4442 prorsus
432 4357 604 4418 extinctam
614 4352 686 4437 pius
697 4355 856 4416 Dominus
869 4356 1035 4431 excitaret,
1049 4375 1135 4438 spem
1149 4357 1250 4436 erige·
