3034 5200
288 693 396 776 llud]
635 741 638 744 -
669 710 850 758 amaretur·
1198 699 1240 757 25

279 887 344 930 vos
359 865 518 929 Dominus
533 863 575 929 ad
589 865 650 928 bos
662 865 816 928 barbaros
831 862 1011 929 destinavit.
1056 865 1127 929 Nec
1140 867 1237 931 credo

282 989 349 1031 rem
370 969 464 1031 istam
483 966 670 1037 ‚adeundam
692 966 814 1050 jurgiis,
829 965 887 1029 sed
908 965 995 1029 felici
1017 965 1235 1032 moderatione

283 1069 517 1154 complendam,
529 1069 703 1154 prasertim
719 1090 739 1131 a
754 1068 908 1150 sapiente,
919 1067 975 1150 qui
989 1068 1145 1146 meminit,
1160 1070 1236 1153 quia

282 1171 438 1235 modestia
461 1170 625 1255 sapientiae
647 1190 667 1232 a
688 1169 753 1231 fine
780 1169 919 1232 suaviter
942 1188 1045 1252 usque
1068 1168 1110 1233 ad
1135 1169 1233 1233 finem

283 1271 430 1334 universa
445 1269 597 1354 disponit.
642 1268 796 1352 Alioquin
818 1268 1037 1351 pertinacibus
1059 1273 1235 1335 communi·

284 1373 425 1437 candum
439 1395 510 1437 esse
526 1394 593 1436 nou
617 1372 750 1435 arbitror
765 1371 816 1433 rel
829 1371 864 1433 in
888 1371 1031 1449 minimo,
1046 1393 1143 1454 quum
1166 1395 1234 1437 me·

283 1475 432 1561 minerim¹
452 1475 555 1548 illum,
570 1474 662 1557 cujus
679 1458 814 1554 figuram
839 1472 958 1554 geritis,
972 1473 1164 1553 Zorobabel‚
1178 1475 1234 1558 qui

283 1577 412 1639 vertitur
433 1576 467 1637 in
490 1576 651 1657 principes
674 1575 724 1636 vel
747 1575 940 1656 Magistrum
962 1574 1152 1656 Babylonis,
1167 1596 1232 1638 non

285 1672 486 1759 adquievisse
501 1675 646 1738 hostibus
666 1674 762 1739 Judee
776 1685 810 1738 et
824 1675 1007 1760 Beujamin,
1023 1685 1059 1736 ut
1073 1675 1168 1738 etiam
1192 1675 1234 1740 ed

285 1775 541 1841 reaedificandam
558 1777 687 1840 domum
709 1775 843 1839 Domini
859 1796 932 1839 cum
949 1776 1024 1838 filiis
1039 1776 1233 1859 captivitatis

284 1878 406 1961 aliquid
421 1879 552 1942 omnino
567 1878 755 1942 conferrent.
802 1879 854 1940 De
869 1877 920 1939 his
935 1877 1100 1940 hactenus.

327 1981 377 2042 De
393 1989 509 2043 caetero
518 1979 588 2063 jam
604 1989 768 2063 porrectas
781 1979 861 2042 itero
876 1998 1000 2061 preces,
1014 1986 1174 2060 quatenus
1188 1979 1230 2043 de

282 2081 422 2165 reliquiis
437 2101 546 2162 regum
561 2091 594 2144 et
609 2079 767 2161 virginum
782 2079 862 2142 mihi
877 2089 979 2141 vestro
993 2077 1117 2160 aliquid
1131 2090 1231 2142 trans·

182 2205 184 2209 ·
282 2183 415 2246 mittatis
426 2204 501 2246 cum
512 2193 683 2247 vestrarum
696 2180 1072 2245 testimonialitterarum.
1108 2182 1229 2245 Valete.

302 2438 523 2502 EPISTOLA
545 2436 824 2615 &clm-AD
838 2453 1068 2501 mutuorum
1084 2451 1203 2498 amau.

664 2555 694 2598 s.
710 2554 742 2600 o.
761 2537 868 2618 uua]

519 2672 660 2735 Domino
675 2672 863 2735 Alexandro
876 2673 986 2755 Papa.

321 2799 358 2863 St
374 2797 415 2862 de
433 2797 533 2861 exilio
550 2796 787 2862 clamamusad
808 2807 929 2881 patrem
951 2820 1009 2884 pro
1027 2818 1093 2883 quo
1110 2798 1230 2882 jugiter

278 2900 451 2963 clamamus
476 2898 518 2962 ad
543 2899 731 2971 Dominum,
753 2899 816 2983 pro
837 2899 931 2982 cujus
960 2899 1025 2962 fide
1050 2899 1229 2963 ethonore

278 3010 391 3063 contra
404 3011 646 3083 persequutores
657 3000 818 3063 Ecclesiae
833 3001 1042 3065 clamavimus
1056 3021 1183 3085 semper
1197 3011 1230 3064 et

280 3100 502 3175 clamabimus,
524 3100 595 3162 Deo
618 3109 758 3177 auctore,
780 3101 968 3184 quoad-vita
989 3102 1086 3165 fuerit
1107 3122 1228 3178 comes,

280 3208 386 3262 vestra
399 3200 573 3283 paternitas
591 3198 737 3263 admirari
751 3222 816 3265 non
831 3200 939 3280 debet,
955 3224 1053 3286 quum
1069 3203 1109 3266 de
1123 3203 1228 3286 inopi·

280 3311 357 3365 nata
370 3322 475 3365 rerum
489 3301 627 3365 novitate
643 3303 812 3367 clamorem
831 3314 1023 3388 extorqueat
1036 3304 1085 3368 vis
1099 3305 1229 3381 doloris,

281 3405 324 3465 et'
337 3401 526 3484 importunae
550 3411 583 3464 et
606 3403 811 3467 amarissimae
835 3404 1036 3467 necessitatis
1061 3405 1229 3469 acerbitas.

281 3503 466 3567 Clamamus
480 3506 555 3584 ergo
570 3501 611 3566 ad
626 3525 844 3568 successorem
866 3504 964 3582 Petri,
978 3504 1131 3568 vicarium
1146 3506 1225 3570 Cru-

281 3602 389 3667 cifixi:
413 3614 446 3667 et
459 3602 580 3667 utinam
595 3605 716 3667 elamor
729 3614 839 3668 noster
851 3605 989 3668 introeat
1002 3605 1036 3668 in
1052 3625 1144 3667 aures
1158 3627 1227 3670 ves·

280 3706 354 3778 tras,
370 3715 405 3768 ut
418 3724 515 3787 super
536 3704 718 3768 calamitate
738 3704 909 3783 Ecclesia,
924 3713 957 3767 et
970 3703 1110 3767 filiorum
1126 3706 1228 3770 afflic-

279 3802 421 3866 tionibus
438 3812 471 3865 et
491 3803 664 3884 gemitibus
682 3804 783 3887 patris
801 3804 924 3867 viscera
942 3806 1168 3869 concutiantur
1186 3806 1228 3869 ad

278 3905 523 3967 miserationem.
535 3904 926 3968 Etlicetmiseriaenostrae
937 3904 978 3968 de
986 3906 1107 3970 recenti
1115 3907 1230 3990 injuria

280 4005 499 4087 multiplicata
511 4005 574 4068 sirit
584 4026 680 4087 super
691 4026 870 4079 numerum,
881 4015 915 4069 et
924 4009 1123 4071 excreverint
1134 4026 1230 4087 supra

282 4105 427 4170 modum:
450 4117 557 4170 tamen
571 4104 739 4170 Deo'teste
761 4107 905 4170 acerbius
920 4106 1077 4185 dolemus,
1093 4118 1126 4167 et
1139 4106 1228 4183 inge·

280 4206 443 4269 missimus
457 4206 559 4287 magis
571 4205 611 4269 de
621 4206 843 4269 imminutione
857 4207 965 4288 gloriae
974 4217 1084 4269 vestrae
1098 4201 1230 4264 etfama

281 4307 436 4371 Romana
458 4307 617 4370 Ecclesiae
640 4306 817 4387 denigrata,
839 4327 935 4388 quam
958 4306 999 4368 de
1023 4301 1157 4377 damnis,
1179 4300 1229 4362 in·
