3034 5200
288 724 351 782 228
545 737 682 782 rosunrs
697 735 976 782 sanssscnmusrs
1134 718 1192 797 [A.
1209 737 1242 782 n.

247 904 249 908 ’
291 886 368 971 quin
383 888 491 970 potius
509 885 596 972 quod
617 885 656 950 ad
678 885 841 950 honestam
863 906 973 971 pacem
989 895 1021 947 et
1037 884 1146 948 utilem
1164 887 1243 950 totis

290 988 412 1052 viribus
440 987 641 1053 laborabunt.
698 990 771 1052 Hoc
798 988 908 1074 scripsi
934 1010 973 1051 ne
1005 988 1111 1050 nuncii
1142 989 1242 1052 vestri

289 1088 399 1153 videar
421 1091 646 1176 contempsisse
676 1113 861 1167 sermonem,
891 1092 949 1175 qui
978 1088 1019 1151 ad
1048 1088 1241 1175 obsequium

290 1200 440 1267 vestrum,
452 1189 506 1255 nbi
523 1189 657 1255 facultas
669 1189 809 1269 affuerit,
819 1213 889 1253 sum
900 1201 1032 1275 paratus
1043 1188 1075 1251 in
1090 1189 1242 1258 Domino.

290 1287 411 1355 Valete.

307 1604 531 1669 EPISTOLA
554 1606 803 1671 CCXCV.-so
818 1623 1014 1669 naorsrsou
1030 1623 1219 1669 ommnosr.

655 1707 699 1786 [s.
710 1727 742 1770 n.
762 1707 869 1786 ltro]

546 1868 634 1930 Idem
651 1869 815 1949 Magistro
833 1869 983 1930 Gircrdo.

329 2004 494 2093 Motnsrp
520 2002 594 2067 tulit
610 2003 756 2068 dominus
777 2027 865 2068 meus
878 2003 1132 2089 archiepiscopus
1147 2005 1239 2091 quod

285 2123 342 2164 vos
365 2103 421 2188 qui
436 2104 554 2167 clavem
578 2105 701 2168 habetis
723 2104 873 2183 scientiae,
891 2119 924 2168 et
945 2105 979 2168 in
1001 2105 1071 2190 lege
1097 2107 1241 2182 Domini,

285 2224 381 2285 quam
404 2204 531 2289 publice
560 2204 690 2280 docetis,
708 2204 833 2291 jugiter
854 2204 1063 2290 occupamini,
1084 2207 1164 2270 adeo
1187 2221 1237 2289 ut,

285 2303 456 2370 mundanis
477 2305 650 2392 disciplinis
671 2307 801 2392 penitus
824 2306 957 2391 rejectis,
974 2307 1069 2371 solius
1091 2307 1238 2374 veritatis

285 2417 317 2468 et
327 2405 464 2488 justitia
479 2430 566 2472 sacra
587 2408 809 2493 profiteamini,
826 2407 978 2472 Cantuar.
999 2410 1237 2488 archidiacono,

285 2529 379 2591 quem
396 2507 575 2574 solemniter
586 2511 894 2574 excommunicatum
907 2532 974 2573 esse
986 2532 1047 2574 non
1063 2511 1238 2596 ambigitis,

230 2655 233 2660 -
283 2614 514 2676 communicare
536 2612 784 2698 praesumpsistis
812 2612 960 2696 exemplo
989 2612 1176 2697 pernicioso,
1203 2628 1237 2681 et

282 2709 370 2794 quod
386 2710 468 2775 sicut
480 2724 615 2776 vestram
632 2711 852 2775 conscientiam
866 2709 965 2790 laedit,
975 2711 1019 2775 sic
1033 2734 1095 2775 non
1111 2712 1236 2778 modice
1295 2786 1298 2790 .

283 2808 429 2896 denigrat
443 2825 475 2877 et
490 2812 616 2878 famam.
662 2814 746 2876 Nam
765 2834 822 2876 nec
838 2812 869 2875 in
885 2812 990 2876 minus
1006 2813 1111 2898 perito
1125 2826 1236 2879 tantus

282 2911 382 2977 facilis
397 2925 477 2978 esset
493 2937 649 2993 excessua,
666 2937 706 2977 ne
725 2913 802 2978 dum
824 2914 856 2976 in
872 2912 939 2992 illo,
954 2914 1047 2997 cujus
1062 2936 1123 2977 non
1139 2915 1237 2980 modo

283 3013 438 3093 doctrina,
460 3016 514 3080 sed
534 3029 565 3081 et
590 3015 657 3079 vita
677 3015 773 3081 debet
797 3015 998 3079 auditoribus
1018 3038 1084 3078 esse
1106 3015 1238 3082 virtutis

282 3117 454 3203 exemplar.
502 3118 575 3197 Sed,
594 3118 672 3203 quia
691 3116 876 3181 credibilius
895 3129 941 3180 est
958 3140 1014 3179 vos
1034 3116 1074 3180 de
1094 3116 1237 3183 humana

281 3215 474 3295 infirmitate,
489 3241 585 3303 quam
607 3218 647 3281 de
668 3218 797 3283 malitiae
817 3218 1034 3302 perversitate,
1048 3217 1121 3281 lieet
1136 3240 1237 3302 grave

281 3314 374 3378 nimis
389 3315 429 3380 sit
444 3317 532 3401 quod
547 3316 731 3393 admisistis,
743 3341 899 3402 peccasse,
915 3317 954 3380 de
971 3317 1119 3382 mandato
1134 3318 1237 3403 ipsius

282 3414 396 3480 litteris
417 3416 528 3479 vestris
555 3416 730 3500 respondeo
746 3440 827 3506 guse
850 3431 1048 3502 sequuntur:
1075 3416 1237 3504 mittoque

280 3517 469 3604 rescriptum
491 3515 667 3582 litterarum
692 3540 771 3604 quas
793 3518 833 3581 ad
857 3520 1092 3583 excusationem
1110 3519 1161 3583 sui
1176 3521 1238 3585 do·

281 3620 366 3683 mino
390 3620 533 3707 Sagiensi
549 3619 732 3696 transmisit,
755 3619 812 3705 qui
829 3634 991 3686 monuerat
1009 3633 1045 3685 ut
1059 3620 1088 3683 ei
1105 3620 1239 3689 Parisiis

281 3735 459 3786 occurreret
481 3722 513 3785 in
537 3720 703 3786 incertum.
748 3720 825 3796 Sed,
848 3732 886 3784 ut
912 3719 1011 3798 scitis,
1034 3741 1090 3783 nec
1111 3721 1239 3807 equita·

281 3836 378 3899 tusas,
395 3828 460 3886 nee
472 3847 636 3909 expensas,
653 3847 710 3888 nec
733 3822 842 3899 socios,
859 3822 915 3908 qui
938 3844 995 3907 per
1015 3844 1150 3907 regnum
1170 3824 1240 3890 dis-

279 3927 362 4012 persi
379 3937 464 4000 sunt,
480 3928 520 3990 ad
538 3940 601 3990 tam
617 3926 743 3989 crebros
758 3938 790 3990 et
806 3925 935 3989 inutiles
949 3925 1113 3989 discursus
1126 3937 1238 4011 potest

279 4043 343 4093 tam
374 4028 480 4093 subito
509 4049 707 4112 praeparare:
740 4027 828 4109 quod
859 4025 952 4090 etiam
981 4026 1148 4111 sapientes,
1174 4034 1239 4114 qui

279 4152 351 4192 eum
372 4143 436 4192 tam
460 4127 551 4191 facile
574 4139 717 4204 evocant,
732 4138 919 4211 oportuerat
940 4126 1121 4210 praemetiri.
1168 4128 1239 4195 Vos

278 4248 384 4293 autem
407 4229 588 4316 diligentior
610 4227 772 4304 extitistis,
789 4227 844 4312 qui
868 4231 908 4304 ei,
924 4250 988 4291 uno
1010 4228 1169 4293 duntariat
1186 4229 1238 4295 in.

279 4331 430 4413 terposito
446 4329 507 4405 die,
523 4342 644 4394 certum
661 4328 878 4413 praestituistis
894 4328 989 4406 diem,
1003 4342 1039 4393 ut
1056 4328 1238 4414 diplomate
