3034 5200
283 710 343 770 los
558 725 695 771 scaurus
710 724 989 771 sanssnnursusrs
1138 711 1181 790 [n.
1198 729 1230 773 n.

281 877 341 940 tibi
357 876 498 940 videatur
512 899 582 941 esse
597 887 707 954 tutam,
719 878 746 940 si
761 877 801 941 iis
816 877 858 940 ad
874 899 956 960 quos
971 879 1115 956 mitteris,
1127 890 1232 943 osten·

283 977 340 1041 das
353 977 460 1041 literas
475 979 585 1043 militis
599 979 655 1042 tui.

280 1285 497 1351 EPISTOLA
520 1287 971 1352 effluxu-mumma
986 1305 1232 1352 mernvrnusnm

365 1407 554 1453 EPIScOPUM
577 1407 621 1453 nr
644 1409 723 1454 uae.
748 1408 964 1454 aaruuunuu
984 1407 1142 1454 canceri.

640 1487 684 1574 [s.
698 1509 731 1553 n.
749 1489 861 1569 neu]

278 1644 430 1706 Dominis
450 1651 483 1705 et
504 1644 619 1704 amicis
639 1643 707 1704 suis
728 1641 893 1723 Perpetuo
913 1649 945 1704 et
964 1642 1069 1706 Felici
1093 1643 1231 1710 Cirillus

313 1745 497 1805 salutemet
508 1761 625 1824 pacem
641 1761 738 1824 quam
754 1741 897 1804 muudus
910 1742 993 1805 dare
1007 1763 1068 1806 nou
1080 1754 1201 1828 potest.

320 1868 449 1930 Vnsrru
464 1867 584 1930 similes
600 1866 776 1929 divinarum
793 1867 940 1931 conscios
955 1865 1114 1932 literarum
1130 1872 1228 1935 latere

275 1989 338 2033 non
355 1980 470 2052 potest,
486 1968 573 2052 quod
592 1977 732 2030 mentem
753 1968 850 2031 totius
870 1969 1022 2033 orationis
1044 1970 1229 2054 frequenter

278 2071 379 2154 aperit
393 2070 558 2133 nominum
576 2068 766 2151 significatio
781 2071 967 2135 votivorum.
1011 2073 1228 2155 Perpetuitate

277 2170 369 2234 Felix
385 2180 418 2233 et
431 2168 583 2234 felicitate
598 2170 777 2252 Perpetuus
790 2170 961 2251 gaudeant,
975 2183 1008 2236 et
1022 2174 1064 2236 ob
1079 2178 1226 2239 consola·

275 2272 395 2335 tionem
410 2292 506 2354 quam
523 2271 642 2334 Christi
657 2272 852 2355 pauperibus
867 2273 1101 2357 impenderunt,
1114 2298 1226 2341 conso·

274 2375 355 2437 letur
377 2384 409 2436 et
428 2371 583 2454 glorificet
602 2393 657 2436 eos
681 2373 842 2438 Dominus
858 2375 894 2438 in
915 2377 1049 2439 consilio
1065 2376 1224 2461 justorum

274 2487 307 2541 ct
321 2477 576 2558 congregatione.
621 2476 666 2538 Et
688 2476 818 2560 quidem
839 2479 1019 2542 necessaria
1033 2480 1134 2544 suerat
1149 2504 1226 2547 con·

276 2578 401 2654 solatio,
417 2579 444 2642 si
460 2589 565 2643 tamen
581 2600 689 2643 verum
704 2578 853 2663 estquod
875 2579 1018 2657 audisu‘s,
1039 2582 1096 2646 sed
1118 2585 1227 2668 potius

273 2683 315 2744 ob
330 2703 460 2746 causam
474 2682 635 2765 publicam
651 2702 747 2765 quam
761 2680 928 2764 privatam,
942 2702 1019 2761 nam

375 2807 468 2861 Sidera
479 2808 536 2877 quis
547 2806 722 2875 mundumque
734 2802 798 2856 velit
809 2808 925 2874 spectare
938 2803 1076 2857 cadentem

377 2894 481 2965 Expers
492 2894 548 2965 ipse
559 2898 644 2945 metus
656 2927 664 2942 .
678 2929 684 2942 .
698 2928 705 2942 .
719 2927 726 2941 .

274 3028 391 3089 expers
407 3006 535 3083 doloris,
551 3028 668 3090 expers
684 3003 909 3069 sollicitudinis
922 3023 989 3065 non
1004 3004 1090 3086 quod
1100 3004 1224 3090 justum

274 3107 330 3191 qui
356 3117 391 3169 ut
415 3108 466 3168 leo
493 3108 627 3170 conlidit
655 3127 771 3191 perse
798 3104 984 3169 contristare
1008 3105 1111 3170 valeat
1136 3108 1225 3192 quic·

274 3207 350 3291 quid
374 3206 535 3286 acciderit,
550 3208 606 3272 sed
629 3210 704 3292 quia
726 3208 881 3271 instinctu
903 3218 1024 3271 naturae
1047 3219 1079 3271 et
1101 3209 1224 3274 virtutis

272 3318 403 3391 urgente
414 3308 543 3374 stimulo
554 3309 719 3394 proximus
729 3309 776 3372 sic
786 3309 978 3390 compatitur
988 3318 1019 3371 et
1031 3311 1224 3389 congaudet,

272 3420 308 3473 ut
321 3408 402 3472 nihil
417 3407 591 3472 burrianum
606 3429 625 3472 u
641 3428 674 3472 se
689 3416 813 3490 reputet
827 3407 975 3471 alienum.
1021 3404 1104 3479 Quis
1117 3410 1222 3492 inquit

273 3512 449 3576 infirmatur
463 3520 495 3575 et
509 3529 570 3591 ogo
585 3530 650 3574 uon
665 3504 828 3571 infirmor?
852 3506 925 3592 quis
940 3507 1176 3572 scandalizatur
1190 3522 1223 3572 et

272 3636 331 3695 ego
340 3635 405 3676 nou
416 3610 507 3676 uror?
532 3608 679 3676 Profecto
690 3609 809 3686 nullus,
819 3608 894 3691 quia
905 3608 1009 3671 omnis
1018 3609 1153 3691 parturit
1164 3609 1220 3672 do-

272 3734 332 3775 nec
343 3712 491 3777 Christus
501 3713 684 3777 reformetur
694 3722 749 3775 aut
757 3710 910 3773 formetur
917 3708 952 3772 in
960 3707 1034 3772 illis.
1051 3708 1144 3771 Certe
1155 3730 1221 3772 non

271 3812 459 3877 crediderim
481 3811 568 3896 quod
589 3812 657 3875 sine
678 3811 788 3874 dolore
803 3808 908 3872 ridere
929 3809 1029 3893 possit
1050 3809 1220 3872 ecclesiam

269 3916 302 3977 iu
326 3915 431 3996 capite
453 3913 618 3989 vulnerari,
633 3923 791 3995 pastorem
810 3911 935 3991 percuti
958 3909 1079 3973 conteri
1099 3920 1133 3971 et
1155 3910 1220 3973 dis·

269 4018 360 4093 solvi,
375 4027 410 4079 ut
425 4015 643 4096 dispergantur
662 4024 696 4077 et
716 4020 849 4095 pereant
870 4031 945 4072 oves
968 4010 1099 4074 Christi.
1147 4013 1220 4076 Stu-

268 4118 379 4200 pidum
402 4127 526 4180 estant
550 4136 680 4199 prorsus
710 4112 749 4175 de
776 4131 907 4194 corpore
933 4110 1054 4174 Christi
1080 4130 1220 4178 nonest

268 4223 445 4282 membrum
461 4217 546 4302 quod
561 4218 643 4281 tanti
658 4213 819 4294 languoris
839 4212 1013 4275 acerbitate
1028 4235 1094 4278 non
1111 4238 1217 4280 move-

265 4329 315 4382 tur
340 4319 381 4382 ad
411 4318 679 4401 compatiendum.
730 4314 932 4400 Apatheiam,
956 4338 1052 4399 quam
1086 4319 1222 4383 Latinus
