3034 5200
276 704 317 764 tt
530 705 666 762 rotatus
681 703 960 760 transnatamus
1135 698 1180 777 [A.
1196 717 1228 763 n.

280 879 317 933 ut
331 867 538 951 appellationi
552 867 765 944 renunciaret,
780 865 838 930 sed
860 866 996 951 quadam
1015 867 1233 951 inconstantia

282 969 370 1033 verbi
391 979 424 1033 et
445 969 550 1052 operis
565 968 766 1032 dissimulata
786 966 902 1051 injuria
917 968 1153 1051 appellationis,
1168 989 1232 1052 qua

282 1090 317 1133 se
340 1080 454 1149 tuetur,
479 1069 616 1154 opponit
640 1069 768 1133 obicem
793 1068 996 1152 corripienti:
1020 1080 1052 1132 et
1066 1080 1172 1132 tamen
1188 1070 1230 1132 si-

281 1170 1122 1255 mulatahumilitatisreverentiamisericordiampetit.
1140 1166 1233 1233 Nihil

280 1272 368 1336 aliud
391 1296 465 1356 ergo
488 1276 528 1337 ab
557 1295 596 1337 eo
626 1282 732 1356 potest
755 1273 872 1356 aliquis
896 1272 1078 1356 impetrare,
1105 1272 1169 1336 nisi
1194 1280 1230 1335 ut

281 1375 469 1461 episcopum
491 1377 532 1439 ab
561 1373 775 1460 appellatione
798 1374 1010 1454 recedentem,
1039 1386 1072 1439 ct
1101 1376 1229 1458 culpam

280 1478 411 1558 publice
425 1477 637 1562 profitentem,
648 1486 681 1540 et
695 1476 734 1539 de
750 1488 864 1541 caetero
873 1476 1077 1540 obedientem
1098 1485 1232 1558 patema

281 1574 476 1656 benignitate
488 1573 635 1657 recipiat:
651 1582 683 1635 et
691 1570 812 1635 exinde
824 1573 915 1655 quasi
927 1571 1233 1636 filiumccrissimnm

281 1672 315 1734 in
345 1677 494 1737 omnibus
523 1683 644 1737 tractet.
698 1675 782 1736 Nam
812 1672 852 1736 de
881 1674 1115 1757 archicpiscopi
1143 1693 1233 1736 man·

283 1775 463 1851 suetudine,
479 1774 505 1835 si
520 1774 594 1850 boc,
610 1772 697 1856 quod
712 1774 926 1836 necessarium
942 1797 1013 1837 esse
1034 1776 1132 1850 scitis,
1148 1774 1233 1859 epis·

281 1896 364 1957 copo
386 1876 480 1939 fuerit
501 1896 697 1958 persuasum,
719 1875 850 1938 omnino
872 1897 937 1938 non
953 1876 1075 1940 dubito.
1120 1878 1233 1940 Nostis

283 1977 367 2039 enim
384 1977 462 2059 quid
478 1997 573 2058 super
586 1976 649 2039 hoc
674 1975 765 2038 vobis
780 1995 882 2058 nuper
902 1977 1066 2058 scripserit
1085 1975 1234 2039 dominus

283 2098 380 2160 papa,
394 2087 426 2140 et
446 2076 524 2160 quid
545 2075 677 2162 remedii
701 2074 843 2139 decanus
862 2076 939 2139 huic
964 2097 1069 2139 causae
1091 2077 1233 2139 retulerit

283 2176 325 2239 ab
344 2178 520 2285 apostolica
542 2173 627 2239 sede.
672 2175 774 2257 Cujus
797 2185 906 2237 tamen
929 2176 957 2238 si
980 2176 1137 2257 promissa
1159 2197 1233 2257 pro-

282 2277 447 2353 cesserint,
459 2287 491 2340 et
505 2297 624 2354 eorum,
636 2295 706 2358 quae
721 2276 904 2361 juramento
919 2276 1043 2340 firmata
1057 2286 1141 2354 sunt,
1153 2276 1235 2341 fides

281 2376 377 2439 fucrit
404 2376 588 2460 adimpleta,
617 2377 879 2460 archiepiscopus
908 2386 940 2441 et
969 2377 1017 2440 sui
1047 2379 1234 2442 reconcilia·

282 2479 401 2542 buntur
414 2479 448 2542 in
463 2480 563 2553 brevi,
578 2487 611 2542 et
629 2500 695 2562 pax
711 2500 785 2542 cum
800 2478 968 2544 honestate
984 2481 1129 2544 ecclesiae
1153 2480 1236 2560 inter

281 2601 416 2662 regnum
430 2592 463 2645 et
478 2580 691 2646 sacerdotium
711 2581 940 2646 reformabitur.
985 2582 1131 2659 Interim,
1148 2580 1235 2667 quod

284 2683 374 2745 vobis
403 2681 579 2745 innotuisse
608 2690 725 2765 potest,
754 2680 796 2744 ad
832 2682 993 2744 silentium
1023 2702 1132 2743 eorum
1162 2703 1234 2764 quae

282 2782 396 2845 Romae
431 2794 520 2864 gesta
550 2793 635 2860 sunt,
664 2781 853 2845 necessitate
888 2780 1029 2844 mandati
1067 2790 1234 2844 arctamur.

284 2881 347 2945 Sed
364 2905 464 2967 quum
480 2883 521 2947 de
536 2882 601 2946 fide
615 2893 671 2946 aut
684 2879 819 2965 perfidia
834 2882 1013 2945 constiterit
1034 2882 1234 2964 pactionum,

283 2985 448 3067 propalare
463 2984 576 3047 licebit
592 2984 749 3047 universa.
796 2983 880 3055 Quia
904 3004 980 3066 ergo
1005 2982 1154 3047 dominus
1176 2984 1233 3047 Sa·

284 3085 488 3148 resberiensis
503 3094 535 3148 et
549 3084 747 3167 Reginaldns
763 3084 1007 3149 archidiaconus
1021 3105 1072 3148 me
1087 3084 1121 3147 in
1137 3105 1235 3148 causa

283 3186 346 3249 ista
359 3188 542 3264 sollicitant,
556 3195 703 3267 rogantes
718 3198 753 3249 ut
777 3186 865 3269 qnod
886 3189 1037 3250 invenero
1052 3188 1098 3250 eis
1121 3188 1233 3251 rescri-

283 3287 356 3349 bam
375 3296 429 3350 aut
443 3286 546 3363 vobis,
560 3305 674 3367 precor
696 3285 856 3363 attentius,
872 3298 907 3349 ut
925 3286 995 3369 jam
1019 3286 1106 3350 dicto
1130 3287 1232 3350 archi·

275 3386 421 3470 diacono
436 3387 566 3463 litteras,
581 3405 660 3470 quas
675 3385 704 3447 ei
718 3384 822 3462 mitto,
832 3385 951 3449 habere
966 3386 1103 3464 faciatis,
1118 3396 1151 3450 et
1164 3386 1231 3449 feli·

286 3510 367 3567 cem,
383 3490 454 3552 Deo
469 3498 608 3565 auctore,
622 3486 816 3569 provideatis
829 3486 952 3550 exitum
967 3508 1083 3551 causae.

285 3742 504 3806 EPISTOLA
527 3745 733 3809 CCIX-an
747 3761 948 3808 mameranus
963 3763 1174 3809 nnurnrnnra
1189 3753 1233 3807 n'n

581 3863 669 3907 novt.
718 3845 802 3924 [un.
822 3845 931 3925 lton]

501 4010 509 4024 ·
535 3975 694 4058 Mapt‘stro
714 3979 866 4059 Umsrido
880 3979 978 4043 Boni.

327 4097 403 4158 Nou
425 4103 484 4171 cst,
504 4092 616 4170 amice,
631 4094 718 4177 quod
739 4095 861 4177 possim
883 4093 924 4156 de
945 4101 1047 4157 status
1067 4091 1132 4154 mei
1154 4112 1231 4175 qua·

281 4197 370 4259 litate
399 4190 533 4273 causari,
562 4194 638 4277 quia
665 4196 774 4258 omnia
805 4193 943 4256 hominis
974 4192 1232 4256 machinamenta

281 4296 440 4359 miseratio
456 4296 520 4359 Dei
535 4294 614 4359 mihi
628 4303 816 4379 cooperatur
828 4294 863 4356 in
881 4294 1012 4356 bonum.
1049 4294 1135 4357 Nam
1149 4303 1229 4357 tem·
