3034 5200
318 742 381 801 280
577 755 715 800 Jonuurs
731 755 1012 802 saanssnmnums
1175 748 1221 822 [A.
1239 763 1273 806 o.

320 904 413 968 nimis
442 904 561 969 oblitus
585 916 650 969 est:
680 916 724 980 et,
748 905 825 969 dum
856 906 991 970 inimicis
1016 907 1154 972 ecclesiae
1181 911 1276 974 vehe-

319 1004 457 1069 mentius
482 1006 585 1082 cessit,
608 1005 741 1090 speciem
764 1006 871 1071 induit
893 1007 1022 1072 inimici.
1069 1009 1136 1072 Nee
1159 1009 1275 1076 dubito

320 1106 396 1190 quin
411 1106 480 1192 ipse
495 1106 553 1169 sibi
568 1105 646 1169 dum
667 1104 736 1169 haec
756 1121 880 1190 gereret
901 1106 1094 1192 displiceret,
1111 1110 1164 1174 sed
1181 1113 1274 1195 quasi

318 1208 439 1273 invitus
458 1206 674 1293 insipientium
696 1208 889 1272 clamoribus
911 1210 1105 1292 agitabatur,
1122 1226 1153 1277 et
1169 1215 1275 1278 trahe·

320 1307 415 1372 batur
443 1306 594 1372 funiculis
627 1306 811 1392 impiorum.
865 1308 1018 1394 Adjicitis
1051 1323 1089 1374 ut
1126 1311 1275 1380 dominus

319 1409 471 1474 Cantuar.
501 1420 647 1473 occurrat
684 1408 847 1473 nominato
882 1409 1027 1495 superius
1059 1411 1209 1498 episcopo
1237 1426 1270 1479 et

318 1510 486 1575 archidiac.
503 1514 655 1578 Cantuar.
671 1511 765 1595 quasi
779 1511 870 1576 illurn
891 1524 1079 1596 recepturus
1095 1516 1137 1578 sit
1153 1514 1272 1579 nedum

317 1611 347 1675 ei
361 1633 561 1691 occursurus,
576 1634 671 1697 quem
686 1611 755 1697 ipse
771 1612 901 1676 solemni
913 1613 1114 1678 anathemate
1123 1615 1271 1680 condem·

318 1713 419 1791 navit,
435 1716 688 1798 sententiamque
709 1714 743 1776 in
766 1736 840 1777 eum
862 1714 958 1778 latam
982 1714 1180 1780 confirmavit
1196 1740 1273 1802 apo-

318 1813 430 1879 stolica
442 1815 543 1878 sedes.
585 1815 709 1900 Utique
729 1815 845 1879 mirum
860 1815 949 1880 ducit
970 1815 1058 1901 quod
1073 1818 1102 1880 ei
1116 1818 1270 1902 praefatus

320 1914 477 1997 Sagiensis
498 1927 530 1978 et
552 1913 606 1979 alii
621 1913 817 1979 venerabiles
837 1913 897 1977 viri
919 1914 1044 2000 praelati
1067 1915 1271 1981 ecclesiarum

317 2011 398 2076 citra
416 2012 645 2076 absolutionem
667 2013 913 2093 communicant,
928 2013 1016 2099 quod
1032 2036 1052 2077 a
1066 2036 1098 2077 se
1115 2015 1219 2079 sciuut
1234 2016 1268 2078 in

316 2112 460 2178 districto
474 2114 618 2176 examine
632 2112 878 2198 requirendum:
899 2126 932 2178 et
946 2115 1079 2179 fortasse
1094 2116 1126 2179 iu
1141 2116 1272 2181 ecclesia

317 2216 468 2299 praesenti
483 2234 545 2276 nou
561 2212 690 2277 dabitur
712 2212 876 2280 oblivioni.
922 2216 1019 2281 Certo
1035 2229 1140 2280 tamen
1155 2219 1271 2282 certius

319 2325 381 2389 eat,
393 2312 480 2399 quod
493 2324 556 2377 tam
571 2312 754 2399 episcopum
768 2314 1033 2388 londoniensem,
1045 2329 1076 2380 et
1088 2327 1161 2381 aute
1171 2317 1273 2381 nomi-

317 2427 427 2480 natum
442 2413 698 2478 archidiaconum
721 2413 870 2478 dominus
886 2416 1123 2482 cantuariensis
1136 2430 1271 2504 paterna

317 2521 435 2606 pietate
451 2517 592 2603 recipiet,
605 2528 637 2582 et
651 2517 877 2594 consolabitur,
893 2541 932 2581 ex
955 2542 1021 2605 quo
1036 2541 1068 2583 se
1082 2519 1165 2584 filios
1179 2522 1271 2586 exhi·

315 2619 464 2684 buerint:
502 2631 534 2684 et
562 2641 671 2683 omnes
706 2617 1005 2696 excommunicatos,
1035 2642 1117 2705 quos
1145 2619 1269 2685 absolvi

313 2722 439 2789 licitum
462 2734 521 2803 est,
536 2722 618 2786 viam
641 2719 716 2784 fidei
738 2720 952 2805 ingredientes
974 2719 1104 2785 sincerae
1125 2721 1268 2787 caritatis

314 2824 451 2890 brachiis
465 2823 708 2910 amplexabitur.
747 2821 832 2900 Quid
849 2822 971 2887 multa?
994 2821 1086 2887 Nihil
1101 2835 1160 2900 est,
1174 2823 1271 2887 dum-

314 2927 410 2991 modo
424 2926 564 2991 conditio
579 2924 717 2989 ecclesiae
737 2946 799 2988 non
818 2923 966 3003 laedatur,
981 2924 1069 3009 quod
1090 2946 1153 2988 non
1169 2925 1210 2990 sit
1225 2924 1269 2989 ad

315 3033 510 3094 voluntatem
531 3026 651 3091 domini
673 3029 757 3112 regis
779 3039 911 3111 paratus
932 3024 1075 3111 implere,
1091 3028 1117 3090 si
1131 3026 1270 3111 gratiam

314 3131 383 3215 ejus
413 3130 472 3195 sibi
501 3142 534 3194 et
563 3130 628 3194 suis
656 3128 749 3214 plene
779 3127 909 3191 senserit
938 3127 1155 3192 reformatam.
1200 3132 1268 3193 Vos

315 3243 421 3294 autem
442 3230 482 3293 de
504 3243 619 3295 caetero
638 3227 843 3314 negotiamini
864 3228 1003 3304 cautius,
1019 3240 1051 3292 et
1067 3226 1269 3292 absolutione

314 3330 449 3416 qnaesita
471 3330 665 3415 diligentius,
681 3332 1027 3394 excommunicatorum
1052 3330 1270 3416 participatio·

314 3453 385 3496 nem
402 3431 575 3496 studiosius
590 3433 726 3506 evitetis,
742 3433 802 3494 nisi
817 3432 858 3495 ab
873 3431 1004 3495 ecclesia
1015 3431 1120 3495 velitis
1135 3429 1268 3495 excludi
1283 3451 1287 3455 ’

312 3536 418 3614 citius,
442 3546 474 3598 et
500 3554 574 3597 cum
601 3534 646 3596 eis
671 3530 881 3596 anathematis
907 3535 1046 3618 recipere
1075 3533 1265 3616 portionem.

315 3638 395 3701 Sane
409 3634 591 3722 praecedens
612 3636 705 3699 ruina
719 3655 776 3698 vos
798 3637 954 3699 cautiores
969 3633 1147 3698 reddidisse
1163 3632 1268 3697 debu-

314 3753 392 3819 erat,
416 3742 540 3824 eritque
566 3739 730 3824 sequentis
759 3740 887 3821 gravior
918 3738 1087 3822 reparati0,
1112 3738 1150 3812 si,
1177 3736 1268 3820 quod

313 3838 409 3916 absit,
425 3852 498 3924 post
514 3841 776 3904 commonitiones
796 3848 828 3901 et
846 3840 988 3922 pericula
1002 3839 1097 3901 toties
1112 3838 1270 3900 instructa

311 3940 460 4004 discretio
476 3963 538 4003 non
565 3939 771 4005 declinaverit
793 3960 912 4003 casum.
958 3940 1080 4024 Optata
1093 3936 1194 4003 salute
1209 3957 1268 4000 vos

311 4042 485 4126 impertiar,
500 4061 601 4126 quum
617 4038 751 4105 licuerit.
