3034 5200
288 735 397 817 naa]
667 753 847 801 artaretur.
1179 742 1239 799 12⁷

281 908 504 985 incontinenti,
519 907 661 992 ejusdem
676 908 853 992 juramenti
876 908 1020 973 conditio
1035 910 1154 971 inserta
1168 919 1235 971 est:

282 1020 314 1073 ct
341 1011 551 1093 posteriorum
576 1011 633 1074 tibi
662 1012 752 1077 mitto
779 1011 965 1095 rescriptum
991 1011 1176 1090 litterarum,
1202 1022 1237 1074 ut

281 1133 388 1176 earum
400 1112 558 1175 sententia
571 1114 764 1196 publicetur,
774 1124 806 1177 et
820 1114 922 1197 possit
933 1111 1152 1196 indigentibus
1163 1134 1234 1177 esse

279 1213 437 1298 praesidio.
463 1216 549 1278 Nam
558 1215 612 1299 qui
624 1215 728 1279 Deum
738 1216 889 1292 timuerit,
898 1218 1077 1279 movebitur
1085 1228 1120 1279 ut
1130 1216 1237 1280 miuus

280 1317 397 1381 audeat
411 1317 444 1379 in
461 1327 595 1380 mortem
612 1338 712 1395 suam,
728 1318 786 1382 sed
801 1317 965 1380 sinodum
982 1317 1077 1380 istum
1092 1319 1147 1381 ille
1160 1329 1236 1382 tuus

280 1419 403 1481 amicus
418 1418 528 1501 aliqua
541 1418 662 1480 ratione
677 1418 865 1500 expedierit,
881 1419 1030 1501 laqueum
1045 1420 1142 1482 timeo
1153 1420 1237 1483 duri·

281 1541 379 1582 orem.
413 1518 530 1582 Vereor
541 1518 626 1580 enim
642 1539 683 1581 ne
698 1518 860 1601 principes
874 1516 1078 1580 sacerdotum
1093 1519 1148 1602 qui
1164 1540 1238 1583 con-

282 1619 389 1682 silium
399 1619 537 1681 iniemnt
547 1618 709 1701 quomodo
720 1618 872 1681 occidant
883 1617 1047 1699 Christum
1057 1619 1199 1699 Domini,
1208 1628 1241 1684 et

284 1719 431 1784 ecclesiae
443 1720 602 1804 perimant
616 1719 806 1797 libertatem,
817 1719 930 1783 accitis
942 1719 1136 1784 officialibus
1145 1721 1242 1805 regis,

282 1821 1241 1906 illumtuumExonieuseminducererelintautcompellera,

190 1915 191 1918 ¹
283 1934 320 1987 ut
346 1923 555 2008 appellationi
580 1923 672 1987 factae
697 1924 833 1988 consilio
854 1924 940 2008 regis
963 1933 996 1987 et
1018 1923 1240 2007 cardinalium,

282 2026 413 2089 nomine
434 2026 525 2108 regni
552 2034 584 2088 et
607 2025 788 2103 sacerdotii,
810 2023 1001 2105 subscribat,
1024 2037 1057 2089 et
1079 2028 1237 2091 actionem

283 2129 406 2191 muniat
434 2149 560 2192 suarum
593 2128 775 2192 testimonio
805 2129 992 2192 litterarum.
1036 2128 1082 2193 Et
1106 2131 1239 2195 fortasse

283 2231 365 2312 regis
380 2231 567 2294 auctoritate
578 2230 771 2314 praecipient
780 2251 838 2314 per
849 2230 948 2294 fidem
960 2251 1057 2315 quam
1072 2231 1122 2295 illi
1133 2230 1240 2311 debet,

284 2342 316 2394 et
338 2331 421 2395 sicut
439 2331 592 2394 honorem
615 2333 705 2413 regni
727 2342 760 2395 et
782 2332 952 2395 sacerdotii
975 2330 1092 2414 diligit,
1107 2343 1143 2396 ut
1165 2354 1238 2397 cum

284 2433 355 2495 aliis
370 2433 500 2495 nunciis
519 2454 648 2496 causam
664 2434 832 2517 suscipiat,
848 2446 881 2497 et
897 2435 931 2496 in
951 2455 1091 2517 persona
1108 2436 1240 2520 propria

285 2542 505 2616 prosequatur.
552 2533 693 2604 Quorum
715 2533 861 2595 sinuum
883 2533 1004 2611 iecerit,
1018 2533 1241 2601 indubitanter

286 2631 381 2695 credo
407 2632 493 2716 quod
516 2629 634 2709 Deum,
654 2642 686 2697 et
708 2633 775 2697 scio
798 2632 884 2717 quod
907 2633 1048 2698 offendet
1069 2636 1242 2719 archiepis·

285 2757 402 2819 copum
418 2736 560 2801 fortassis
580 2736 833 2821 irreparabiliter.
872 2734 948 2798 Fuit
968 2735 1053 2798 enim
1076 2755 1150 2798 aum
1172 2738 1243 2801 aliia

285 2840 533 2922 appellatoribus
550 2838 636 2924 apud
649 2838 944 2921 Nortbamptonam
955 2836 1153 2901 adversarius
1163 2838 1240 2923 ejus.

286 2943 369 3004 ltem
381 2942 524 3005 secundo
540 2941 780 3025 appellantibus
791 2939 901 3016 astitit,
912 2948 945 3001 et
957 2937 1070 3002 habita
1080 2949 1155 3003 sunt
1170 2939 1240 3005 baec

285 3043 377 3125 quasi
392 3064 458 3104 uon
479 3043 604 3106 suerint.
650 3042 684 3106 Si
701 3063 775 3103 vero
796 3062 883 3104 nuuc
899 3040 991 3104 tertio
1012 3061 1075 3104 nou
1094 3054 1241 3123 gravatus

288 3144 513 3206 ratihabitione
536 3153 696 3227 retorquet
718 3142 814 3206 adse
838 3142 988 3206 malitiam
1009 3143 1152 3223 aliorum,
1167 3166 1243 3209 cum

287 3244 335 3305 eis
351 3241 510 3306 videbitur
524 3243 611 3307 sitire
627 3242 816 3324 sanguinem
835 3243 944 3326 patris,
958 3254 991 3307 et
1012 3245 1115 3328 magis
1129 3248 1240 3311 vulne·

285 3343 368 3407 rabit
388 3345 616 3408 conscientiam
635 3345 795 3429 propriam
816 3364 912 3427 quam
930 3346 1077 3410 ecclesiae
1097 3368 1239 3421 causam,

286 3465 382 3528 quam
398 3464 566 3527 personam
585 3444 672 3507 illius
693 3444 784 3529 cujus
804 3445 896 3509 ruina
917 3447 1078 3531 quaeritur.
1123 3446 1241 3509 Sinon

287 3546 406 3623 fecerit,
421 3548 579 3629 praeterita
594 3569 661 3610 uon
678 3545 855 3629 proderunt
869 3548 992 3622 merita,
1010 3549 1087 3630 quin
1102 3547 1193 3625 regni
1208 3556 1241 3609 et

286 3647 457 3713 sacerdotii
473 3647 682 3712 denuncietur
696 3650 850 3732 publicus
864 3647 975 3711 bostis.
1020 3648 1066 3709 Et
1079 3646 1154 3709 licet
1167 3646 1239 3710 haec

286 3752 394 3815 omnia
406 3751 527 3828 fecerit,
541 3751 627 3814 huuc
643 3751 780 3814 eundem
797 3751 919 3814 exitum
935 3747 1043 3811 timeo.
1087 3748 1140 3809 Ea
1155 3749 1241 3813 enim

287 3864 335 3917 cst
348 3865 462 3917 natura
476 3852 615 3915 bominis
631 3852 727 3926 illius,
743 3863 779 3915 ut
794 3849 882 3935 apud
894 3872 966 3913 eum
977 3847 1135 3932 jacturam
1147 3851 1243 3914 iaciat

288 3955 430 4017 omnium
450 3954 644 4026 meritorum,
667 3954 723 4037 qui
747 3973 952 4037 quacumque
971 3949 1093 4016 ratione
1114 3960 1241 4032 praeter·

288 4055 362 4119 ierit
376 4066 432 4119 aut
449 4055 608 4119 distulerit
629 4076 728 4118 unum
745 4057 980 4138 qualecumque
1003 4053 1045 4115 sit
1068 4049 1243 4130 adimplere

290 4157 484 4220 mandatum.
529 4157 581 4218 Ea
603 4166 710 4219 autem
731 4166 780 4218 est
800 4153 977 4216 moderatio
996 4166 1130 4233 precum
1144 4155 1177 4208 et
1191 4167 1242 4211 so·

290 4256 408 4321 brietas
435 4257 668 4335 mandatorum,
695 4269 730 4319 ut
759 4256 789 4318 ei
819 4253 1010 4337 quandoque
1039 4266 1173 4309 necesse
1203 4250 1245 4314 sit

291 4357 420 4419 obviari.
466 4359 570 4431 Quare
591 4379 714 4420 summa
737 4354 865 4417 consilii
887 4351 950 4415 mei
973 4356 1079 4414 estut
1100 4346 1257 4417 adhibita
