3034 5200
284 727 394 806 tlte]
669 741 848 786 misione.
1193 725 1228 787 ll

281 899 381 973 Deus,
394 896 480 980 qnod
502 907 657 979 tyrannus
675 897 769 978 plura
782 895 897 979 jubere
917 894 1054 969 erubuit,
1069 915 1168 978 quam
1181 897 1231 958 illi

280 999 460 1082 adimplere.
515 999 638 1062 Omnes
667 1012 758 1060 erant
787 997 976 1059 adamita
1006 999 1231 1078 excogitantes

281 1122 343 1183 qua
364 1111 430 1163 arte
449 1099 680 1163 maledicerent
700 1112 733 1162 et
753 1097 1006 1160 condemnarent
1027 1119 1156 1161 annm
1179 1099 1232 1162 cni

279 1199 448 1262 benedixit
469 1201 639 1262 Dominus.
683 1197 872 1261 Suadebant
891 1199 979 1260 mala
1003 1198 1074 1260 fieri
1100 1214 1137 1261 ut
1157 1221 1230 1282 pro-

281 1302 425 1364 venirent
445 1303 542 1378 bona‚
556 1299 646 1364 etad
658 1297 869 1381 mitigandam
889 1300 1127 1384 persequutoris
1148 1301 1234 1363 insa·

280 1404 366 1465 niam
380 1404 579 1485 perniciosas
592 1402 832 1484 possessionum
845 1410 880 1464 et
892 1401 995 1464 divini
1006 1401 1090 1485 juris
1104 1401 1233 1486 dispen-

281 1506 420 1568 sationes
441 1505 576 1569 admitti.
618 1504 714 1577 Qnod
735 1517 859 1568 certum
881 1513 951 1566 erat
971 1506 1180 1568 revocabatur
1197 1507 1231 1568 in

283 1608 427 1684 dubium,
439 1619 477 1671 nt
490 1608 650 1670 comicum
668 1607 749 1670 illud
763 1607 829 1671 t'ere
846 1609 878 1668 iu
895 1608 1038 1669 omnium
1054 1607 1233 1670 volveretur

285 1707 402 1770 animis

525 1803 604 1866 Quod
615 1805 677 1867 ιώ,
688 1805 785 1858 noeto.

282 1917 362 1989 Quis
375 1915 459 1980 enim
474 1916 640 1980 nesciebat
653 1916 741 2000 qnod
756 1938 815 1980 rex
834 1918 1062 1980 cancellarium
1078 1937 1171 1980 sunm
1186 1919 1229 1980 ab

280 2019 366 2080 omni
380 2017 651 2081 administratione
671 2028 703 2080 et
722 2019 920 2098 obligatione
940 2019 1078 2081 liberum
1092 2017 1232 2081 reddidit

279 2119 320 2181 ad
331 2121 470 2200 regimen
484 2118 726 2183 cantuariensis
741 2117 922 2182 Ecclesiae?
946 2119 1009 2182 Cni
1023 2120 1169 2198 ignotum
1183 2131 1233 2182 est

279 2231 399 2304 quanta
419 2221 572 2284 instantia
592 2221 642 2282 illi
663 2242 683 2283 a
704 2220 782 2284 sede
805 2233 908 2304 apost
929 2220 1062 2304 pallium
1083 2221 1232 2304 impetra·

279 2321 346 2385 vit?
370 2321 447 2405 quid
468 2332 584 2404 postea
604 2322 798 2404 promiserit,
813 2337 850 2384 nt
871 2321 1120 2385 consuetudines
1135 2321 1234 2406 (quas

280 2422 408 2503 dicunt)
420 2424 533 2496 avitas,
544 2431 578 2484 et
587 2443 696 2486 revera
711 2423 884 2506 pravitates
897 2435 981 2499 sunt,
992 2421 1235 2487 admitterentur

154 2534 159 2542 '
280 2523 428 2607 plurimis
435 2536 546 2586 notum
557 2535 615 2586 est
632 2525 903 2608 Arcbiepiscopus
912 2525 1232 2589 tamenadmalitiam

281 2625 521 2688 calumniatoris
535 2644 577 2687 ex
594 2624 743 2709 judicum
762 2626 931 2709 iniquitate
945 2639 1002 2691 aut
1015 2629 1232 2711 simplicitate,

280 2739 336 2789 aut
351 2726 608 2810 dispensatione:
632 2747 732 2809 quum
754 2739 861 2790 tamen
884 2727 927 2790 ad
945 2728 1007 2791 boc
1022 2739 1233 2791 vocatnsnon

279 2829 428 2905 venisset,
448 2830 622 2910 urgebatur
640 2827 683 2891 ad
703 2827 909 2908 litigandum,
923 2828 965 2893 ad
986 2823 1234 2902 satisdandum,

280 2950 377 3011 quum
385 2942 493 2992 umen
504 2950 669 3012 possessor
679 2939 765 2991 esset
775 2930 981 3010 amplissime
991 2930 1037 2991 rei
1047 2928 1233 3002 immobilis,

279 3040 314 3092 ut
329 3030 383 3091 vix
397 3051 440 3092 ex
455 3050 554 3093 eausa
576 3028 770 3108 gravissimae
791 3028 986 3093 infirmitatis
999 3028 1040 3092 ad
1055 3027 1233 3093 deliberan-

280 3130 358 3191 dum
373 3131 469 3193 unitis
483 3129 620 3192 dieculae
634 3142 743 3212 posset
756 3128 904 3193 inducias
917 3132 1096 3215 impetrare.
1128 3134 1233 3196 Antea

282 3246 388 3292 tamen
408 3252 481 3293 eum
501 3232 614 3315 iniquo
627 3230 753 3316 judicio
774 3234 1078 3313 condemnaverant,
1092 3246 1125 3297 et
1143 3234 1231 3317 quod

281 3332 373 3394 sedes
400 3334 576 3417 apostoliea
604 3354 703 3397 causa
731 3336 863 3417 cognita
893 3338 1084 3401 retractavit
1129 3337 1232 3422 Cujus

279 3435 509 3498 retractationis
532 3434 617 3519 apud
643 3456 705 3499 nos
732 3437 935 3519 privilegium
964 3448 1062 3502 extat
1113 3439 1231 3502 Nonne

279 3556 353 3616 ergo
362 3535 493 3619 judices
508 3538 613 3621 potuit
634 3548 666 3601 et
689 3538 804 3601 debuit
824 3539 944 3602 habere
959 3538 1150 3622 suspectos?
1173 3539 1230 3603 sed

278 3637 411 3700 fortasse
426 3638 548 3701 dicetur
563 3639 649 3722 qnod
670 3640 761 3721 ipsos
779 3641 950 3722 oportebat
969 3661 1037 3701 non
1053 3639 1093 3703 de
1107 3643 1232 3705 consci-

279 3738 365 3800 entia
380 3760 447 3817 sue,
463 3739 520 3802 sed
535 3739 576 3803 de
590 3741 727 3823 partium
748 3741 995 3820 allegationibus
1009 3742 1088 3803 serre
1104 3756 1231 3807 senten·

278 3840 372 3904 tiam:
407 3842 484 3925 quia
512 3854 545 3905 et
571 3843 732 3906 Dominus
756 3842 887 3916 Judam,
914 3864 1009 3926 quem
1038 3843 1231 3927 proditorem

279 3955 419 4020 noverat,
445 3964 509 4005 non
536 3942 782 4007 condemnavit:
813 3953 846 4005 et
867 3946 991 4008 mulieri
1016 3947 1050 4008 in
1076 3945 1232 4010 adulterio

281 4041 486 4124 deprehensae
515 4046 671 4127 pepercit,
701 4067 800 4129 quum
829 4047 936 4109 nullus
962 4048 1151 4130 procederet
1180 4063 1233 4104 ac·

281 4155 417 4208 cusator.
461 4145 543 4209 Inde
558 4147 654 4209 etiam
675 4146 716 4209 ad
736 4147 993 4210 informationem
1009 4160 1149 4210 nostram
1165 4139 1234 4202 dic-

284 4253 349 4304 tum
386 4261 444 4323 est,
474 4247 548 4325 Ego
578 4246 661 4309 sicut
698 4245 797 4309 audio
829 4245 962 4328 judico:
1002 4246 1059 4307 sed
1088 4239 1233 4323 prolecto

283 4344 392 4408 audire
411 4348 458 4409 ibi
479 4368 537 4429 pro
559 4347 737 4426 intelligere
758 4345 897 4427 ponitur,
913 4357 949 4407 ut
970 4364 1027 4427 pro
1051 4337 1234 4406 rationabili
