<?xml version="1.0" encoding="UTF-8"?>
<!DOCTYPE html PUBLIC "-//W3C//DTD XHTML 1.0 Transitional//EN"
    "http://www.w3.org/TR/xhtml1/DTD/xhtml1-transitional.dtd">
<html xmlns="http://www.w3.org/1999/xhtml" xml:lang="en" lang="en">
 <head>
  <title>
</title>
<meta http-equiv="Content-Type" content="text/html;charset=utf-8" />
  <meta name='ocr-system' content='tesseract 3.04.00' />
  <meta name='ocr-capabilities' content='ocr_page ocr_carea ocr_par ocr_line ocrx_word'/>
</head>
<body>
  <div class='ocr_page' id='page_1' title='image "./joannissaresber11johngoog_0203.png"; bbox 0 0 3034 5200; ppageno 0'>
   <div class='ocr_carea' id='block_1_1' title="bbox 267 701 1218 781">
    <p class='ocr_par' dir='ltr' id='par_1_1' title="bbox 267 701 1218 781">
     <span class='ocr_line' id='line_1_1' title="bbox 267 701 1218 781; baseline 0.007 -24"><span class='ocrx_word' id='word_1_1' title='bbox 267 701 325 759; x_wconf 83' lang='grc'><strong>184</strong></span> <span class='ocrx_word' id='word_1_2' title='bbox 531 714 668 759; x_wconf 77' lang='lat' dir='ltr'><strong>somnus</strong></span> <span class='ocrx_word' id='word_1_3' title='bbox 686 715 965 761; x_wconf 74' lang='lat' dir='ltr'><strong>sanusaumnusm</strong></span> <span class='ocrx_word' id='word_1_4' title='bbox 1123 702 1169 781; x_wconf 77' lang='lat' dir='ltr'><strong>[a.</strong></span> <span class='ocrx_word' id='word_1_5' title='bbox 1187 721 1218 764; x_wconf 87' lang='lat' dir='ltr'><strong>n.</strong></span> 
     </span>
    </p>
   </div>
   <div class='ocr_carea' id='block_1_2' title="bbox 196 865 1224 2258">
    <p class='ocr_par' dir='ltr' id='par_1_2' title="bbox 196 865 1224 2258">
     <span class='ocr_line' id='line_1_2' title="bbox 265 865 1217 950; baseline 0.006 -23"><span class='ocrx_word' id='word_1_6' title='bbox 265 866 325 928; x_wconf 82' lang='lat' dir='ltr'><strong>fine</strong></span> <span class='ocrx_word' id='word_1_7' title='bbox 349 865 523 950; x_wconf 87' lang='lat' dir='ltr'><strong>praesertim</strong></span> <span class='ocrx_word' id='word_1_8' title='bbox 547 868 579 930; x_wconf 89' lang='lat' dir='ltr'><strong>iu</strong></span> <span class='ocrx_word' id='word_1_9' title='bbox 606 866 788 931; x_wconf 87' lang='lat' dir='ltr'><strong>Christiano</strong></span> <span class='ocrx_word' id='word_1_10' title='bbox 814 867 928 930; x_wconf 90' lang='lat' dir='ltr'><strong>caritas</strong></span> <span class='ocrx_word' id='word_1_11' title='bbox 952 881 1009 931; x_wconf 91' lang='lat' dir='ltr'><strong>est.</strong></span> <span class='ocrx_word' id='word_1_12' title='bbox 1056 871 1217 934; x_wconf 87' lang='lat' dir='ltr'><strong>Caeterum</strong></span> 
     </span>
     <span class='ocr_line' id='line_1_3' title="bbox 265 967 1220 1056; baseline 0.006 -28"><span class='ocrx_word' id='word_1_13' title='bbox 265 990 355 1029; x_wconf 90' lang='lat' dir='ltr'><strong>rarus</strong></span> <span class='ocrx_word' id='word_1_14' title='bbox 371 967 517 1031; x_wconf 91' lang='lat' dir='ltr'><strong>inventus</strong></span> <span class='ocrx_word' id='word_1_15' title='bbox 533 968 627 1030; x_wconf 92' lang='lat' dir='ltr'><strong>estin</strong></span> <span class='ocrx_word' id='word_1_16' title='bbox 644 980 712 1031; x_wconf 93' lang='lat' dir='ltr'><strong>toto</strong></span> <span class='ocrx_word' id='word_1_17' title='bbox 727 967 815 1030; x_wconf 91' lang='lat' dir='ltr'><strong>exilii</strong></span> <span class='ocrx_word' id='word_1_18' title='bbox 833 968 893 1031; x_wconf 92' lang='lat' dir='ltr'><strong>mei</strong></span> <span class='ocrx_word' id='word_1_19' title='bbox 916 969 1147 1055; x_wconf 87' lang='lat' dir='ltr'><strong>quinquennio,</strong></span> <span class='ocrx_word' id='word_1_20' title='bbox 1164 971 1220 1056; x_wconf 94' lang='lat' dir='ltr'><strong>qui</strong></span> 
     </span>
     <span class='ocr_line' id='line_1_4' title="bbox 265 1067 1220 1156; baseline 0.005 -28"><span class='ocrx_word' id='word_1_21' title='bbox 265 1067 343 1130; x_wconf 90' lang='lat' dir='ltr'><strong>mihi</strong></span> <span class='ocrx_word' id='word_1_22' title='bbox 358 1069 511 1152; x_wconf 82' lang='lat' dir='ltr'><strong>rependat</strong></span> <span class='ocrx_word' id='word_1_23' title='bbox 528 1068 648 1131; x_wconf 88' lang='lat' dir='ltr'><strong>vicem:</strong></span> <span class='ocrx_word' id='word_1_24' title='bbox 681 1067 812 1133; x_wconf 88' lang='lat' dir='ltr'><strong>undeet</strong></span> <span class='ocrx_word' id='word_1_25' title='bbox 832 1071 933 1156; x_wconf 85' lang='lat' dir='ltr'><strong>major</strong></span> <span class='ocrx_word' id='word_1_26' title='bbox 956 1072 1060 1155; x_wconf 88' lang='lat' dir='ltr'><strong>gratia</strong></span> <span class='ocrx_word' id='word_1_27' title='bbox 1075 1071 1220 1135; x_wconf 87' lang='lat' dir='ltr'><strong>habenda</strong></span> 
     </span>
     <span class='ocr_line' id='line_1_5' title="bbox 267 1168 1220 1256; baseline 0.004 -26"><span class='ocrx_word' id='word_1_28' title='bbox 267 1181 313 1231; x_wconf 90' lang='lat' dir='ltr'><strong>est</strong></span> <span class='ocrx_word' id='word_1_29' title='bbox 329 1168 461 1233; x_wconf 89' lang='lat' dir='ltr'><strong>raritati.</strong></span> <span class='ocrx_word' id='word_1_30' title='bbox 504 1169 565 1232; x_wconf 90' lang='lat' dir='ltr'><strong>Sed</strong></span> <span class='ocrx_word' id='word_1_31' title='bbox 582 1170 614 1231; x_wconf 91' lang='lat' dir='ltr'><strong>in</strong></span> <span class='ocrx_word' id='word_1_32' title='bbox 631 1171 724 1256; x_wconf 88' lang='lat' dir='ltr'><strong>cujus</strong></span> <span class='ocrx_word' id='word_1_33' title='bbox 740 1192 816 1233; x_wconf 86' lang='lat' dir='ltr'><strong>aure</strong></span> <span class='ocrx_word' id='word_1_34' title='bbox 832 1170 993 1254; x_wconf 87' lang='lat' dir='ltr'><strong>querelam</strong></span> <span class='ocrx_word' id='word_1_35' title='bbox 1008 1172 1088 1235; x_wconf 87' lang='lat' dir='ltr'><strong>hanc</strong></span> <span class='ocrx_word' id='word_1_36' title='bbox 1103 1172 1220 1256; x_wconf 86' lang='lat' dir='ltr'>deponi</span> 
     </span>
     <span class='ocr_line' id='line_1_6' title="bbox 266 1268 1218 1354; baseline 0.001 -23"><span class='ocrx_word' id='word_1_37' title='bbox 266 1268 422 1353; x_wconf 89' lang='lat' dir='ltr'><strong>oportuit,</strong></span> <span class='ocrx_word' id='word_1_38' title='bbox 445 1269 504 1332; x_wconf 92' lang='lat' dir='ltr'><strong>uisi</strong></span> <span class='ocrx_word' id='word_1_39' title='bbox 528 1270 640 1333; x_wconf 85' lang='lat' dir='ltr'><strong>tuam?</strong></span> <span class='ocrx_word' id='word_1_40' title='bbox 674 1269 731 1354; x_wconf 94' lang='lat' dir='ltr'><strong>qui</strong></span> <span class='ocrx_word' id='word_1_41' title='bbox 754 1281 786 1332; x_wconf 91' lang='lat' dir='ltr'><strong>et</strong></span> <span class='ocrx_word' id='word_1_42' title='bbox 809 1269 934 1332; x_wconf 90' lang='lat' dir='ltr'>dulcem</span> <span class='ocrx_word' id='word_1_43' title='bbox 957 1270 1153 1334; x_wconf 85' lang='lat' dir='ltr'><strong>affectionem</strong></span> <span class='ocrx_word' id='word_1_44' title='bbox 1176 1271 1218 1333; x_wconf 89' lang='lat' dir='ltr'><strong>ad</strong></span> 
     </span>
     <span class='ocr_line' id='line_1_7' title="bbox 267 1369 1221 1456; baseline 0.001 -24"><span class='ocrx_word' id='word_1_45' title='bbox 267 1370 469 1433; x_wconf 88' lang='lat' dir='ltr'>conviventes</span> <span class='ocrx_word' id='word_1_46' title='bbox 481 1369 597 1433; x_wconf 90' lang='lat' dir='ltr'><strong>habere</strong></span> <span class='ocrx_word' id='word_1_47' title='bbox 613 1369 817 1454; x_wconf 86' lang='lat' dir='ltr'><strong>dignosceris,</strong></span> <span class='ocrx_word' id='word_1_48' title='bbox 827 1393 961 1456; x_wconf 87' lang='lat' dir='ltr'><strong>eamque</strong></span> <span class='ocrx_word' id='word_1_49' title='bbox 973 1369 1133 1434; x_wconf 84' lang='lat' dir='ltr'><strong>radicibus</strong></span> <span class='ocrx_word' id='word_1_50' title='bbox 1144 1370 1221 1434; x_wconf 87' lang='lat' dir='ltr'><strong>fidei</strong></span> 
     </span>
     <span class='ocr_line' id='line_1_8' title="bbox 269 1470 1222 1556; baseline 0.002 -24"><span class='ocrx_word' id='word_1_51' title='bbox 269 1470 419 1533; x_wconf 84' lang='lat' dir='ltr'>solidasse</span> <span class='ocrx_word' id='word_1_52' title='bbox 431 1471 462 1534; x_wconf 94' lang='lat' dir='ltr'><strong>in</strong></span> <span class='ocrx_word' id='word_1_53' title='bbox 476 1474 627 1535; x_wconf 87' lang='lat' dir='ltr'><strong>Domine.</strong></span> <span class='ocrx_word' id='word_1_54' title='bbox 651 1473 777 1556; x_wconf 89' lang='lat' dir='ltr'>Neque,</span> <span class='ocrx_word' id='word_1_55' title='bbox 789 1471 876 1556; x_wconf 93' lang='lat' dir='ltr'><strong>quod</strong></span> <span class='ocrx_word' id='word_1_56' title='bbox 889 1475 977 1536; x_wconf 88' lang='lat' dir='ltr'><strong>Deus</strong></span> <span class='ocrx_word' id='word_1_57' title='bbox 988 1485 1020 1535; x_wconf 90' lang='lat' dir='ltr'><strong>et</strong></span> <span class='ocrx_word' id='word_1_58' title='bbox 1031 1472 1222 1536; x_wconf 88' lang='lat' dir='ltr'><strong>conscientia</strong></span> 
     </span>
     <span class='ocr_line' id='line_1_9' title="bbox 269 1570 1222 1658; baseline 0.002 -26"><span class='ocrx_word' id='word_1_59' title='bbox 269 1570 367 1650; x_wconf 90' lang='lat' dir='ltr'><strong>novit,</strong></span> <span class='ocrx_word' id='word_1_60' title='bbox 383 1570 514 1656; x_wconf 86' lang='lat' dir='ltr'><strong>querela</strong></span> <span class='ocrx_word' id='word_1_61' title='bbox 529 1572 674 1658; x_wconf 86' lang='lat' dir='ltr'><strong>deposita</strong></span> <span class='ocrx_word' id='word_1_62' title='bbox 688 1587 735 1636; x_wconf 88' lang='lat' dir='ltr'><strong>est</strong></span> <span class='ocrx_word' id='word_1_63' title='bbox 751 1573 792 1638; x_wconf 92' lang='lat' dir='ltr'><strong>de</strong></span> <span class='ocrx_word' id='word_1_64' title='bbox 808 1571 925 1648; x_wconf 88' lang='lat' dir='ltr'><strong>amicis,</strong></span> <span class='ocrx_word' id='word_1_65' title='bbox 942 1586 978 1635; x_wconf 92' lang='lat' dir='ltr'><strong>ut</strong></span> <span class='ocrx_word' id='word_1_66' title='bbox 997 1572 1111 1636; x_wconf 86' lang='lat' dir='ltr'><strong>faciam</strong></span> <span class='ocrx_word' id='word_1_67' title='bbox 1134 1594 1222 1656; x_wconf 84' lang='lat' dir='ltr'><strong>quae·</strong></span> 
     </span>
     <span class='ocr_line' id='line_1_10' title="bbox 269 1673 1224 1757; baseline 0.001 -22"><span class='ocrx_word' id='word_1_68' title='bbox 269 1684 366 1750; x_wconf 88' lang='lat' dir='ltr'><strong>stum,</strong></span> <span class='ocrx_word' id='word_1_69' title='bbox 377 1673 454 1757; x_wconf 88' lang='lat' dir='ltr'><strong>quia</strong></span> <span class='ocrx_word' id='word_1_70' title='bbox 465 1673 544 1737; x_wconf 92' lang='lat' dir='ltr'><strong>mihi</strong></span> <span class='ocrx_word' id='word_1_71' title='bbox 556 1675 730 1738; x_wconf 88' lang='lat' dir='ltr'><strong>necessaria</strong></span> <span class='ocrx_word' id='word_1_72' title='bbox 741 1675 899 1739; x_wconf 83' lang='lat' dir='ltr'><strong>ministrat</strong></span> <span class='ocrx_word' id='word_1_73' title='bbox 910 1677 999 1738; x_wconf 90' lang='lat' dir='ltr'><strong>Deus</strong></span> <span class='ocrx_word' id='word_1_74' title='bbox 1008 1675 1048 1738; x_wconf 90' lang='lat' dir='ltr'><strong>ad</strong></span> <span class='ocrx_word' id='word_1_75' title='bbox 1060 1675 1224 1740; x_wconf 89' lang='lat' dir='ltr'><strong>abundan-</strong></span> 
     </span>
     <span class='ocr_line' id='line_1_11' title="bbox 271 1774 1223 1861; baseline 0.001 -25"><span class='ocrx_word' id='word_1_76' title='bbox 271 1778 365 1838; x_wconf 85' lang='lat' dir='ltr'><strong>tiam:</strong></span> <span class='ocrx_word' id='word_1_77' title='bbox 391 1775 445 1837; x_wconf 93' lang='lat' dir='ltr'><strong>sed</strong></span> <span class='ocrx_word' id='word_1_78' title='bbox 462 1777 539 1861; x_wconf 90' lang='lat' dir='ltr'><strong>quia</strong></span> <span class='ocrx_word' id='word_1_79' title='bbox 551 1774 731 1860; x_wconf 89' lang='lat' dir='ltr'><strong>jucundum</strong></span> <span class='ocrx_word' id='word_1_80' title='bbox 745 1775 847 1837; x_wconf 92' lang='lat' dir='ltr'><strong>visum</strong></span> <span class='ocrx_word' id='word_1_81' title='bbox 861 1789 907 1839; x_wconf 85' lang='lat' dir='ltr'><strong>est</strong></span> <span class='ocrx_word' id='word_1_82' title='bbox 918 1776 944 1838; x_wconf 92' lang='lat' dir='ltr'><strong>ei</strong></span> <span class='ocrx_word' id='word_1_83' title='bbox 960 1775 1223 1859; x_wconf 85' lang='lat' dir='ltr'><strong>ingratitudinem</strong></span> 
     </span>
     <span class='ocr_line' id='line_1_12' title="bbox 268 1874 1222 1960; baseline 0 -22"><span class='ocrx_word' id='word_1_84' title='bbox 268 1897 426 1960; x_wconf 86' lang='lat' dir='ltr'><strong>exponere</strong></span> <span class='ocrx_word' id='word_1_85' title='bbox 448 1875 594 1952; x_wconf 89' lang='lat' dir='ltr'><strong>aliorum,</strong></span> <span class='ocrx_word' id='word_1_86' title='bbox 608 1875 660 1937; x_wconf 90' lang='lat' dir='ltr'><strong>cui</strong></span> <span class='ocrx_word' id='word_1_87' title='bbox 682 1874 788 1935; x_wconf 83' lang='lat' dir='ltr'><strong>ornnia</strong></span> <span class='ocrx_word' id='word_1_88' title='bbox 812 1874 900 1958; x_wconf 89' lang='lat' dir='ltr'><strong>loqui</strong></span> <span class='ocrx_word' id='word_1_89' title='bbox 925 1877 1026 1958; x_wconf 89' lang='lat' dir='ltr'><strong>possis</strong></span> <span class='ocrx_word' id='word_1_90' title='bbox 1046 1890 1081 1940; x_wconf 92' lang='lat' dir='ltr'><strong>ut</strong></span> <span class='ocrx_word' id='word_1_91' title='bbox 1105 1891 1222 1940; x_wconf 90' lang='lat' dir='ltr'><strong>tecum.</strong></span> 
     </span>
     <span class='ocr_line' id='line_1_13' title="bbox 196 1972 1223 2056; baseline -0.001 -17"><span class='ocrx_word' id='word_1_92' title='bbox 196 2038 206 2056; x_wconf 72' lang='grc'>,</span> <span class='ocrx_word' id='word_1_93' title='bbox 271 1979 344 2040; x_wconf 90' lang='lat' dir='ltr'><strong>Hoc</strong></span> <span class='ocrx_word' id='word_1_94' title='bbox 359 1977 515 2042; x_wconf 83' lang='lat' dir='ltr'><strong>duntaxat</strong></span> <span class='ocrx_word' id='word_1_95' title='bbox 529 1977 561 2038; x_wconf 92' lang='lat' dir='ltr'><strong>in</strong></span> <span class='ocrx_word' id='word_1_96' title='bbox 578 1974 662 2036; x_wconf 87' lang='lat' dir='ltr'><strong>calce</strong></span> <span class='ocrx_word' id='word_1_97' title='bbox 674 1972 816 2053; x_wconf 86' lang='lat' dir='ltr'><strong>exigitur</strong></span> <span class='ocrx_word' id='word_1_98' title='bbox 829 1973 1017 2052; x_wconf 85' lang='lat' dir='ltr'><strong>litterarum,</strong></span> <span class='ocrx_word' id='word_1_99' title='bbox 1031 1988 1067 2040; x_wconf 92' lang='lat' dir='ltr'><strong>ut</strong></span> <span class='ocrx_word' id='word_1_100' title='bbox 1082 1978 1223 2040; x_wconf 88' lang='lat' dir='ltr'><strong>caritatis</strong></span> 
     </span>
     <span class='ocr_line' id='line_1_14' title="bbox 269 2070 1221 2160; baseline 0.001 -22"><span class='ocrx_word' id='word_1_101' title='bbox 269 2077 427 2160; x_wconf 87' lang='lat' dir='ltr'><strong>profectui</strong></span> <span class='ocrx_word' id='word_1_102' title='bbox 442 2075 562 2159; x_wconf 88' lang='lat' dir='ltr'><strong>pariter</strong></span> <span class='ocrx_word' id='word_1_103' title='bbox 576 2070 789 2146; x_wconf 88' lang='lat' dir='ltr'><strong>intendamus,</strong></span> <span class='ocrx_word' id='word_1_104' title='bbox 803 2085 834 2134; x_wconf 89' lang='lat' dir='ltr'><strong>et</strong></span> <span class='ocrx_word' id='word_1_105' title='bbox 852 2095 900 2135; x_wconf 90' lang='lat' dir='ltr'><strong>me</strong></span> <span class='ocrx_word' id='word_1_106' title='bbox 916 2097 1039 2159; x_wconf 90' lang='lat' dir='ltr'><strong>semper</strong></span> <span class='ocrx_word' id='word_1_107' title='bbox 1054 2089 1085 2139; x_wconf 90' lang='lat' dir='ltr'><strong>et</strong></span> <span class='ocrx_word' id='word_1_108' title='bbox 1099 2077 1221 2160; x_wconf 90' lang='lat' dir='ltr'><strong>ubique</strong></span> 
     </span>
     <span class='ocr_line' id='line_1_15' title="bbox 271 2186 515 2258; baseline -0.004 -22"><span class='ocrx_word' id='word_1_109' title='bbox 271 2187 398 2258; x_wconf 88' lang='lat' dir='ltr'><strong>reputes</strong></span> <span class='ocrx_word' id='word_1_110' title='bbox 415 2186 515 2237; x_wconf 92' lang='lat' dir='ltr'><strong>tuum.</strong></span> 
     </span>
    </p>
   </div>
   <div class='ocr_carea' id='block_1_3' title="bbox 364 2478 1134 2666">
    <p class='ocr_par' dir='ltr' id='par_1_3' title="bbox 364 2478 1134 2666">
     <span class='ocr_line' id='line_1_16' title="bbox 364 2478 1134 2551; baseline 0.012 -11"><span class='ocrx_word' id='word_1_111' title='bbox 364 2478 583 2544; x_wconf 80' lang='lat' dir='ltr'>EPISTOLA</span> <span class='ocrx_word' id='word_1_112' title='bbox 607 2483 1134 2551; x_wconf 69' lang='lat' dir='ltr'><strong>chxxv1.—men12mnon.</strong></span> 
     </span>
     <span class='ocr_line' id='line_1_17' title="bbox 635 2583 857 2666; baseline 0.018 -19"><span class='ocrx_word' id='word_1_113' title='bbox 635 2583 678 2663; x_wconf 80' lang='lat' dir='ltr'><strong>[A.</strong></span> <span class='ocrx_word' id='word_1_114' title='bbox 697 2605 728 2648; x_wconf 89' lang='lat' dir='ltr'><strong>o.</strong></span> <span class='ocrx_word' id='word_1_115' title='bbox 748 2587 857 2666; x_wconf 89' lang='grc'><strong>1168.]</strong></span> 
     </span>
    </p>
   </div>
   <div class='ocr_carea' id='block_1_4' title="bbox 576 2754 922 2837">
    <p class='ocr_par' dir='ltr' id='par_1_4' title="bbox 576 2754 922 2837">
     <span class='ocr_line' id='line_1_18' title="bbox 576 2754 922 2837; baseline 0.012 -22"><span class='ocrx_word' id='word_1_116' title='bbox 576 2754 662 2817; x_wconf 84' lang='lat' dir='ltr'><strong>Idem</strong></span> <span class='ocrx_word' id='word_1_117' title='bbox 678 2776 736 2817; x_wconf 80' lang='lat' dir='ltr'><strong>cuo</strong></span> <span class='ocrx_word' id='word_1_118' title='bbox 754 2757 922 2837; x_wconf 77' lang='lat' dir='ltr'><strong>Gousra&#39;do.</strong></span> 
     </span>
    </p>
   </div>
   <div class='ocr_carea' id='block_1_5' title="bbox 271 2885 1228 4385">
    <p class='ocr_par' dir='ltr' id='par_1_5' title="bbox 271 2885 1228 4385">
     <span class='ocr_line' id='line_1_19' title="bbox 315 2885 1222 2973; baseline 0.004 -25"><span class='ocrx_word' id='word_1_119' title='bbox 315 2885 501 2950; x_wconf 82' lang='lat' dir='ltr'><strong>Oommuurs</strong></span> <span class='ocrx_word' id='word_1_120' title='bbox 514 2887 671 2951; x_wconf 88' lang='lat' dir='ltr'><strong>Dominus</strong></span> <span class='ocrx_word' id='word_1_121' title='bbox 686 2900 792 2951; x_wconf 90' lang='lat' dir='ltr'><strong>noster</strong></span> <span class='ocrx_word' id='word_1_122' title='bbox 807 2887 1017 2950; x_wconf 89' lang='lat' dir='ltr'><strong>innocentiam</strong></span> <span class='ocrx_word' id='word_1_123' title='bbox 1032 2900 1118 2950; x_wconf 91' lang='lat' dir='ltr'><strong>tuam</strong></span> <span class='ocrx_word' id='word_1_124' title='bbox 1136 2890 1222 2973; x_wconf 91' lang='lat' dir='ltr'><strong>apud</strong></span> 
     </span>
     <span class='ocr_line' id='line_1_20' title="bbox 272 2986 1223 3073; baseline 0.002 -22"><span class='ocrx_word' id='word_1_125' title='bbox 272 3010 323 3051; x_wconf 89' lang='lat' dir='ltr'><strong>me</strong></span> <span class='ocrx_word' id='word_1_126' title='bbox 345 2986 420 3051; x_wconf 88' lang='lat' dir='ltr'><strong>satis</strong></span> <span class='ocrx_word' id='word_1_127' title='bbox 434 2986 572 3051; x_wconf 91' lang='lat' dir='ltr'><strong>reddidit</strong></span> <span class='ocrx_word' id='word_1_128' title='bbox 596 3001 792 3064; x_wconf 88' lang='lat' dir='ltr'><strong>excusatam,</strong></span> <span class='ocrx_word' id='word_1_129' title='bbox 808 2988 868 3050; x_wconf 88' lang='lat' dir='ltr'><strong>nisi</strong></span> <span class='ocrx_word' id='word_1_130' title='bbox 890 2987 967 3073; x_wconf 89' lang='lat' dir='ltr'><strong>quia</strong></span> <span class='ocrx_word' id='word_1_131' title='bbox 981 3010 1049 3051; x_wconf 91' lang='lat' dir='ltr'><strong>eam</strong></span> <span class='ocrx_word' id='word_1_132' title='bbox 1072 3002 1146 3053; x_wconf 90' lang='lat' dir='ltr'><strong>ante</strong></span> <span class='ocrx_word' id='word_1_133' title='bbox 1161 3013 1223 3053; x_wconf 91' lang='lat' dir='ltr'><strong>non</strong></span> 
     </span>
     <span class='ocr_line' id='line_1_21' title="bbox 272 3088 1225 3177; baseline 0.004 -24"><span class='ocrx_word' id='word_1_134' title='bbox 272 3088 467 3154; x_wconf 86' lang='lat' dir='ltr'><strong>credideram</strong></span> <span class='ocrx_word' id='word_1_135' title='bbox 480 3090 703 3153; x_wconf 91' lang='lat' dir='ltr'><strong>excusandam.</strong></span> <span class='ocrx_word' id='word_1_136' title='bbox 734 3090 784 3156; x_wconf 89' lang='lat' dir='ltr'><strong>Ad</strong></span> <span class='ocrx_word' id='word_1_137' title='bbox 802 3089 878 3176; x_wconf 94' lang='lat' dir='ltr'><strong>quid</strong></span> <span class='ocrx_word' id='word_1_138' title='bbox 894 3091 976 3153; x_wconf 92' lang='lat' dir='ltr'><strong>enim</strong></span> <span class='ocrx_word' id='word_1_139' title='bbox 990 3092 1115 3177; x_wconf 91' lang='lat' dir='ltr'><strong>proficit</strong></span> <span class='ocrx_word' id='word_1_140' title='bbox 1130 3117 1225 3158; x_wconf 89' lang='lat' dir='ltr'><strong>excu-</strong></span> 
     </span>
     <span class='ocr_line' id='line_1_22' title="bbox 273 3192 1226 3277; baseline 0.005 -23"><span class='ocrx_word' id='word_1_141' title='bbox 273 3192 363 3267; x_wconf 84' lang='lat' dir='ltr'><strong>satio,</strong></span> <span class='ocrx_word' id='word_1_142' title='bbox 380 3192 436 3255; x_wconf 83' lang='lat' dir='ltr'><strong>ubi</strong></span> <span class='ocrx_word' id='word_1_143' title='bbox 458 3193 553 3276; x_wconf 88' lang='lat' dir='ltr'><strong>culpa</strong></span> <span class='ocrx_word' id='word_1_144' title='bbox 575 3193 772 3277; x_wconf 89' lang='lat' dir='ltr'><strong>praeeessisse</strong></span> <span class='ocrx_word' id='word_1_145' title='bbox 794 3216 856 3257; x_wconf 93' lang='lat' dir='ltr'><strong>non</strong></span> <span class='ocrx_word' id='word_1_146' title='bbox 872 3193 1036 3258; x_wconf 85' lang='lat' dir='ltr'><strong>creditur?</strong></span> <span class='ocrx_word' id='word_1_147' title='bbox 1070 3196 1152 3259; x_wconf 93' lang='lat' dir='ltr'><strong>Nam</strong></span> <span class='ocrx_word' id='word_1_148' title='bbox 1167 3219 1226 3261; x_wconf 91' lang='lat' dir='ltr'><strong>nec</strong></span> 
     </span>
     <span class='ocr_line' id='line_1_23' title="bbox 271 3292 1226 3379; baseline 0.006 -24"><span class='ocrx_word' id='word_1_149' title='bbox 271 3292 325 3355; x_wconf 92' lang='lat' dir='ltr'><strong>ille</strong></span> <span class='ocrx_word' id='word_1_150' title='bbox 340 3315 437 3377; x_wconf 92' lang='lat' dir='ltr'><strong>quem</strong></span> <span class='ocrx_word' id='word_1_151' title='bbox 460 3292 632 3357; x_wconf 81' lang='lat' dir='ltr'><strong>delatorem</strong></span> <span class='ocrx_word' id='word_1_152' title='bbox 656 3306 751 3378; x_wconf 92' lang='lat' dir='ltr'><strong>putas</strong></span> <span class='ocrx_word' id='word_1_153' title='bbox 768 3295 828 3357; x_wconf 92' lang='lat' dir='ltr'><strong>hoc</strong></span> <span class='ocrx_word' id='word_1_154' title='bbox 849 3318 942 3379; x_wconf 89' lang='lat' dir='ltr'><strong>agere</strong></span> <span class='ocrx_word' id='word_1_155' title='bbox 964 3307 1095 3362; x_wconf 92' lang='lat' dir='ltr'><strong>conatus</strong></span> <span class='ocrx_word' id='word_1_156' title='bbox 1116 3312 1173 3374; x_wconf 89' lang='lat' dir='ltr'><strong>est,</strong></span> <span class='ocrx_word' id='word_1_157' title='bbox 1190 3311 1226 3361; x_wconf 92' lang='lat' dir='ltr'><strong>ut</strong></span> 
     </span>
     <span class='ocr_line' id='line_1_24' title="bbox 274 3392 1226 3482; baseline 0.001 -25"><span class='ocrx_word' id='word_1_158' title='bbox 274 3395 315 3457; x_wconf 90' lang='lat' dir='ltr'><strong>de</strong></span> <span class='ocrx_word' id='word_1_159' title='bbox 330 3405 388 3457; x_wconf 88' lang='lat' dir='ltr'><strong>tua</strong></span> <span class='ocrx_word' id='word_1_160' title='bbox 407 3394 576 3457; x_wconf 90' lang='lat' dir='ltr'><strong>dilectione</strong></span> <span class='ocrx_word' id='word_1_161' title='bbox 598 3392 720 3478; x_wconf 90' lang='lat' dir='ltr'><strong>aliquid</strong></span> <span class='ocrx_word' id='word_1_162' title='bbox 744 3394 908 3458; x_wconf 91' lang='lat' dir='ltr'><strong>sinistrum</strong></span> <span class='ocrx_word' id='word_1_163' title='bbox 931 3398 1115 3482; x_wconf 87' lang='lat' dir='ltr'><strong>suspicarer.</strong></span> <span class='ocrx_word' id='word_1_164' title='bbox 1154 3401 1226 3459; x_wconf 92' lang='lat' dir='ltr'><strong>Hoc</strong></span> 
     </span>
     <span class='ocr_line' id='line_1_25' title="bbox 273 3491 1225 3580; baseline 0.001 -22"><span class='ocrx_word' id='word_1_165' title='bbox 273 3506 377 3558; x_wconf 88' lang='lat' dir='ltr'><strong>autem</strong></span> <span class='ocrx_word' id='word_1_166' title='bbox 390 3493 491 3559; x_wconf 88' lang='lat' dir='ltr'><strong>solum</strong></span> <span class='ocrx_word' id='word_1_167' title='bbox 506 3491 607 3556; x_wconf 93' lang='lat' dir='ltr'><strong>habeo</strong></span> <span class='ocrx_word' id='word_1_168' title='bbox 618 3492 787 3556; x_wconf 88' lang='lat' dir='ltr'><strong>adversum</strong></span> <span class='ocrx_word' id='word_1_169' title='bbox 805 3508 847 3569; x_wconf 88' lang='lat' dir='ltr'><strong>te,</strong></span> <span class='ocrx_word' id='word_1_170' title='bbox 859 3496 946 3580; x_wconf 94' lang='lat' dir='ltr'><strong>quod</strong></span> <span class='ocrx_word' id='word_1_171' title='bbox 961 3520 1011 3560; x_wconf 92' lang='lat' dir='ltr'><strong>me</strong></span> <span class='ocrx_word' id='word_1_172' title='bbox 1023 3507 1112 3560; x_wconf 89' lang='lat' dir='ltr'><strong>tanta</strong></span> <span class='ocrx_word' id='word_1_173' title='bbox 1126 3496 1225 3559; x_wconf 87' lang='lat' dir='ltr'><strong>facili-</strong></span> 
     </span>
     <span class='ocr_line' id='line_1_26' title="bbox 272 3594 1223 3682; baseline 0.001 -22"><span class='ocrx_word' id='word_1_174' title='bbox 272 3607 339 3661; x_wconf 84' lang='lat' dir='ltr'><strong>tate</strong></span> <span class='ocrx_word' id='word_1_175' title='bbox 353 3595 588 3680; x_wconf 90' lang='lat' dir='ltr'><strong>corruptibilem</strong></span> <span class='ocrx_word' id='word_1_176' title='bbox 605 3594 781 3671; x_wconf 89' lang='lat' dir='ltr'><strong>credidisti,</strong></span> <span class='ocrx_word' id='word_1_177' title='bbox 797 3595 894 3660; x_wconf 94' lang='lat' dir='ltr'><strong>immo</strong></span> <span class='ocrx_word' id='word_1_178' title='bbox 916 3599 1011 3661; x_wconf 89' lang='lat' dir='ltr'><strong>etiam</strong></span> <span class='ocrx_word' id='word_1_179' title='bbox 1028 3608 1223 3682; x_wconf 85' lang='lat' dir='ltr'><strong>corruptum.</strong></span> 
     </span>
     <span class='ocr_line' id='line_1_27' title="bbox 273 3698 1226 3783; baseline -0.001 -22"><span class='ocrx_word' id='word_1_180' title='bbox 273 3698 445 3782; x_wconf 88' lang='lat' dir='ltr'><strong>Numquid</strong></span> <span class='ocrx_word' id='word_1_181' title='bbox 470 3698 552 3760; x_wconf 90' lang='lat' dir='ltr'><strong>enim</strong></span> <span class='ocrx_word' id='word_1_182' title='bbox 580 3709 751 3783; x_wconf 88' lang='lat' dir='ltr'><strong>corruptus</strong></span> <span class='ocrx_word' id='word_1_183' title='bbox 778 3722 840 3762; x_wconf 92' lang='lat' dir='ltr'><strong>nou</strong></span> <span class='ocrx_word' id='word_1_184' title='bbox 867 3714 914 3763; x_wconf 90' lang='lat' dir='ltr'><strong>est</strong></span> <span class='ocrx_word' id='word_1_185' title='bbox 939 3700 989 3764; x_wconf 92' lang='lat' dir='ltr'><strong>cui</strong></span> <span class='ocrx_word' id='word_1_186' title='bbox 1016 3698 1226 3782; x_wconf 88' lang='lat' dir='ltr'><strong>suggestionis</strong></span> 
     </span>
     <span class='ocr_line' id='line_1_28' title="bbox 274 3798 1227 3884; baseline 0.002 -22"><span class='ocrx_word' id='word_1_187' title='bbox 274 3800 414 3883; x_wconf 89' lang='lat' dir='ltr'><strong>impetus</strong></span> <span class='ocrx_word' id='word_1_188' title='bbox 428 3798 549 3863; x_wconf 87' lang='lat' dir='ltr'><strong>excutit</strong></span> <span class='ocrx_word' id='word_1_189' title='bbox 565 3802 754 3864; x_wconf 87' lang='lat' dir='ltr'><strong>caritatem?</strong></span> <span class='ocrx_word' id='word_1_190' title='bbox 779 3802 849 3864; x_wconf 89' lang='lat' dir='ltr'><strong>Aut</strong></span> <span class='ocrx_word' id='word_1_191' title='bbox 865 3802 891 3864; x_wconf 90' lang='lat' dir='ltr'><strong>si</strong></span> <span class='ocrx_word' id='word_1_192' title='bbox 906 3800 988 3863; x_wconf 91' lang='lat' dir='ltr'><strong>nosti</strong></span> <span class='ocrx_word' id='word_1_193' title='bbox 1004 3800 1138 3863; x_wconf 89' lang='lat' dir='ltr'><strong>edissere</strong></span> <span class='ocrx_word' id='word_1_194' title='bbox 1153 3822 1227 3884; x_wconf 87' lang='lat' dir='ltr'><strong>quae</strong></span> 
     </span>
     <span class='ocr_line' id='line_1_29' title="bbox 274 3900 1226 3986; baseline 0 -23"><span class='ocrx_word' id='word_1_195' title='bbox 274 3903 315 3966; x_wconf 90' lang='lat' dir='ltr'><strong>sit</strong></span> <span class='ocrx_word' id='word_1_196' title='bbox 340 3902 503 3986; x_wconf 90' lang='lat' dir='ltr'><strong>corruptio</strong></span> <span class='ocrx_word' id='word_1_197' title='bbox 526 3900 638 3985; x_wconf 88' lang='lat' dir='ltr'><strong>major,</strong></span> <span class='ocrx_word' id='word_1_198' title='bbox 664 3900 761 3985; x_wconf 89' lang='lat' dir='ltr'><strong>quam</strong></span> <span class='ocrx_word' id='word_1_199' title='bbox 788 3901 910 3965; x_wconf 90' lang='lat' dir='ltr'><strong>avulsio</strong></span> <span class='ocrx_word' id='word_1_200' title='bbox 935 3900 1083 3965; x_wconf 85' lang='lat' dir='ltr'><strong>caritatis.</strong></span> <span class='ocrx_word' id='word_1_201' title='bbox 1131 3900 1226 3963; x_wconf 90' lang='lat' dir='ltr'><strong>Certe</strong></span> 
     </span>
     <span class='ocr_line' id='line_1_30' title="bbox 276 3997 1225 4087; baseline -0.002 -22"><span class='ocrx_word' id='word_1_202' title='bbox 276 4023 367 4087; x_wconf 83' lang='lat' dir='ltr'><strong>aeque</strong></span> <span class='ocrx_word' id='word_1_203' title='bbox 382 3997 589 4065; x_wconf 83' lang='lat' dir='ltr'><strong>necessarium</strong></span> <span class='ocrx_word' id='word_1_204' title='bbox 609 4000 787 4063; x_wconf 92' lang='lat' dir='ltr'><strong>membrum</strong></span> <span class='ocrx_word' id='word_1_205' title='bbox 803 4022 860 4062; x_wconf 92' lang='lat' dir='ltr'><strong>nec</strong></span> <span class='ocrx_word' id='word_1_206' title='bbox 882 4000 914 4060; x_wconf 94' lang='lat' dir='ltr'><strong>in</strong></span> <span class='ocrx_word' id='word_1_207' title='bbox 931 3998 1079 4061; x_wconf 90' lang='lat' dir='ltr'><strong>membris</strong></span> <span class='ocrx_word' id='word_1_208' title='bbox 1101 3999 1225 4078; x_wconf 88' lang='lat' dir='ltr'><strong>animae,</strong></span> 
     </span>
     <span class='ocr_line' id='line_1_31' title="bbox 277 4098 1228 4185; baseline 0.001 -19"><span class='ocrx_word' id='word_1_209' title='bbox 277 4104 384 4167; x_wconf 89' lang='lat' dir='ltr'><strong>necin</strong></span> <span class='ocrx_word' id='word_1_210' title='bbox 398 4100 547 4165; x_wconf 89' lang='lat' dir='ltr'><strong>membris</strong></span> <span class='ocrx_word' id='word_1_211' title='bbox 570 4100 711 4185; x_wconf 88' lang='lat' dir='ltr'><strong>corporis</strong></span> <span class='ocrx_word' id='word_1_212' title='bbox 726 4100 897 4163; x_wconf 86' lang='lat' dir='ltr'><strong>invenitur.</strong></span> <span class='ocrx_word' id='word_1_213' title='bbox 944 4098 1006 4160; x_wconf 85' lang='lat' dir='ltr'><strong>Sed</strong></span> <span class='ocrx_word' id='word_1_214' title='bbox 1024 4112 1056 4164; x_wconf 93' lang='lat' dir='ltr'><strong>et</strong></span> <span class='ocrx_word' id='word_1_215' title='bbox 1082 4099 1151 4163; x_wconf 85' lang='lat' dir='ltr'><strong>hacc</strong></span> <span class='ocrx_word' id='word_1_216' title='bbox 1171 4113 1228 4167; x_wconf 86' lang='lat' dir='ltr'><strong>tua</strong></span> 
     </span>
     <span class='ocr_line' id='line_1_32' title="bbox 277 4199 1228 4289; baseline 0.001 -23"><span class='ocrx_word' id='word_1_217' title='bbox 277 4204 372 4289; x_wconf 85' lang='lat' dir='ltr'><strong>culpa</strong></span> <span class='ocrx_word' id='word_1_218' title='bbox 384 4202 560 4289; x_wconf 86' lang='lat' dir='ltr'><strong>purgabilis</strong></span> <span class='ocrx_word' id='word_1_219' title='bbox 575 4214 636 4277; x_wconf 87' lang='lat' dir='ltr'><strong>est,</strong></span> <span class='ocrx_word' id='word_1_220' title='bbox 648 4224 686 4263; x_wconf 93' lang='lat' dir='ltr'><strong>eo</strong></span> <span class='ocrx_word' id='word_1_221' title='bbox 701 4200 787 4285; x_wconf 92' lang='lat' dir='ltr'><strong>quod</strong></span> <span class='ocrx_word' id='word_1_222' title='bbox 803 4199 906 4284; x_wconf 91' lang='lat' dir='ltr'><strong>ipsum</strong></span> <span class='ocrx_word' id='word_1_223' title='bbox 918 4200 1065 4283; x_wconf 87' lang='lat' dir='ltr'><strong>genuisse</strong></span> <span class='ocrx_word' id='word_1_224' title='bbox 1078 4201 1165 4267; x_wconf 88' lang='lat' dir='ltr'><strong>visus</strong></span> <span class='ocrx_word' id='word_1_225' title='bbox 1180 4216 1228 4267; x_wconf 87' lang='lat' dir='ltr'><strong>est</strong></span> 
     </span>
     <span class='ocr_line' id='line_1_33' title="bbox 275 4300 1228 4385; baseline 0.005 -22"><span class='ocrx_word' id='word_1_226' title='bbox 275 4302 372 4379; x_wconf 82' lang='lat' dir='ltr'><strong>zelus,</strong></span> <span class='ocrx_word' id='word_1_227' title='bbox 390 4304 504 4369; x_wconf 84' lang='lat' dir='ltr'><strong>fovisse</strong></span> <span class='ocrx_word' id='word_1_228' title='bbox 527 4304 630 4382; x_wconf 89' lang='lat' dir='ltr'><strong>timor,</strong></span> <span class='ocrx_word' id='word_1_229' title='bbox 645 4301 758 4365; x_wconf 88' lang='lat' dir='ltr'><strong>amoris</strong></span> <span class='ocrx_word' id='word_1_230' title='bbox 786 4322 910 4385; x_wconf 89' lang='lat' dir='ltr'><strong>semper</strong></span> <span class='ocrx_word' id='word_1_231' title='bbox 931 4300 1099 4367; x_wconf 84' lang='lat' dir='ltr'><strong>individua</strong></span> <span class='ocrx_word' id='word_1_232' title='bbox 1124 4328 1228 4369; x_wconf 86' lang='lat' dir='ltr'><strong>comes</strong></span> 
     </span>
    </p>
   </div>
   <div class='ocr_carea' id='block_1_6' title="bbox 0 0 1536 5200">
    <p class='ocr_par' dir='ltr' id='par_1_6' title="bbox 0 0 1536 5200">
     <span class='ocr_line' id='line_1_34' title="bbox 0 0 1536 5200; baseline 0 0"><span class='ocrx_word' id='word_1_233' title='bbox 0 0 1536 5200; x_wconf 95' lang='lat' dir='ltr'><strong> </strong></span> 
     </span>
    </p>
   </div>
  </div>
 </body>
</html>
