3034 5200
241 708 306 768 210
512 717 649 764 aonnnrs
667 714 945 761 saansaaaransrs
1103 694 1148 775 [A.
1167 717 1198 762 o.

245 873 431 957 proescripta
445 869 547 932 forma
564 868 650 954 pacis
665 868 852 930 sacramenti
872 864 1022 948 religione
1037 865 1200 943 astrinxit,

245 972 332 1059 quod
348 970 522 1058 praefinitos
545 974 694 1034 terminos
715 990 777 1031 non
800 966 1009 1032 excederent:
1041 966 1200 1034 mandatis

246 1096 375 1160 quoque
390 1073 551 1159 adjiciens,
564 1085 601 1136 ut
617 1096 636 1135 a
651 1074 736 1156 regis
751 1069 934 1154 sumptibus
945 1070 1123 1135 abstineant
1140 1070 1200 1134 uisi

244 1199 322 1261 pace
332 1175 472 1240 ecclesire
483 1175 664 1260 impetrata,
677 1187 708 1237 et
724 1196 764 1237 ne
780 1172 863 1236 ultra
874 1171 957 1234 diem
971 1171 1025 1256 qui
1037 1173 1201 1256 praestitus

245 1289 294 1342 est
309 1277 446 1362 aliquam
463 1276 579 1339 faciant
595 1297 727 1339 moram.
773 1276 888 1338 Forma
902 1285 1008 1337 autem
1025 1276 1111 1358 pacis
1127 1297 1200 1359 quae

244 1377 481 1464 archiepiscopo
495 1399 647 1461 expressa
661 1390 707 1440 est
724 1375 804 1438 nihil
819 1375 1021 1438 inhonestum
1044 1376 1198 1454 continet,

243 1480 294 1543 vel
316 1479 407 1566 quod
420 1479 581 1543 ecclesiam
604 1477 755 1541 dedeceat
779 1490 836 1541 aut
857 1499 1034 1561 personam,
1050 1499 1108 1541 nec
1127 1500 1200 1542 auc-

243 1581 405 1646 toritatem
432 1581 500 1667 ejus
526 1579 557 1644 in
585 1581 695 1665 aliquo
721 1578 847 1657 minuit,
873 1577 951 1662 quin
978 1576 1088 1658 libere,
1113 1579 1200 1642 omni

244 1683 406 1746 occasione
422 1694 454 1745 et
469 1679 681 1766 appellatione
696 1691 847 1754 cessante,
862 1678 895 1740 in
907 1677 1012 1763 ipsum
1033 1701 1152 1764 regem,
1168 1680 1199 1743 in

243 1804 378 1866 regnum
402 1791 434 1845 et
455 1803 604 1867 personas
626 1780 716 1862 regni
739 1778 934 1842 severitatem
959 1778 1199 1844 ecclesiasticam

244 1887 347 1947 valeat
369 1905 527 1959 exercere,
545 1893 640 1965 prout
664 1878 724 1944 sibi
747 1891 779 1942 et
802 1877 940 1941 ecclesiae
963 1879 1025 1943 Dei
1048 1879 1199 1965 expedire

244 1983 438 2084 cognoverit.
485 1980 662 2046 Consilium
679 1993 783 2044 tamen
806 1979 978 2043 amicorum
999 1992 1059 2057 est,
1074 2004 1200 2046 eorum-

244 2103 306 2167 que
322 2084 511 2169 sapientum,
527 2096 564 2145 ut
580 2082 656 2143 dum
673 2081 758 2165 pacis
780 2082 876 2145 verba
891 2093 1071 2147 tractantur
1089 2083 1199 2148 mitius

243 2198 329 2267 agat,
342 2199 373 2248 et
388 2184 489 2248 multa
500 2181 698 2247 dissimulet:
722 2197 844 2266 postea,
857 2187 893 2259 si,
909 2183 1010 2269 (quod
1023 2184 1121 2270 absit)
1134 2209 1198 2272 pax

242 2307 306 2349 non
322 2285 518 2371 processerit,
529 2283 659 2370 gravius
671 2286 761 2370 quasi
775 2287 946 2370 resumptis
957 2285 1080 2352 viribus
1094 2311 1199 2374 perse-

242 2400 397 2473 quutores
412 2386 550 2451 ecclesiae
566 2400 792 2471 prostraturus.

285 2493 385 2576 Spera
399 2513 487 2574 ergo,
500 2489 614 2553 dilecte
628 2490 680 2565 mi,
692 2502 722 2553 et
739 2489 896 2575 quicquid
908 2490 1034 2554 interim
1047 2490 1196 2571 audieris,

240 2614 305 2656 non
319 2591 486 2668 movearis,
502 2591 579 2679 quia
592 2593 680 2657 Deus
695 2591 727 2656 in
744 2604 814 2657 tuto
828 2593 937 2678 posuit
952 2616 1079 2658 causam
1095 2616 1195 2662 suam.

240 2695 362 2760 Audies
377 2696 460 2760 forte
479 2696 661 2780 superbiam
679 2694 799 2759 Moab:
832 2694 886 2758 sed
907 2696 1087 2761 memineris
1106 2698 1194 2783 quod

240 2798 390 2883 superbia
404 2798 505 2882 major
520 2809 567 2860 est
582 2820 679 2882 quam
701 2788 860 2862 'fortitudo
874 2797 953 2881 ejus.
993 2803 1076 2863 Nam
1093 2800 1195 2865 territi

241 2901 371 2964 suntin
395 2899 470 2965 Sion
494 2911 686 2983 peccatores,
709 2898 851 2986 possedit
879 2900 975 2963 timor
1001 2899 1195 2985 hypocritas,

239 2999 297 3084 qui
323 3000 382 3064 nisi
404 3011 606 3063 revertantur
627 3023 646 3063 a
667 2999 828 3085 pravitate
850 3022 918 3077 sua,
941 3000 1141 3085 expellentur
1162 3015 1195 3068 et

240 3106 322 3161 stare
348 3122 410 3163 non
436 3112 606 3185 poterunt:
636 3102 705 3187 jam
730 3101 812 3164 enim
842 3100 961 3164 securis
986 3102 1027 3164 ad
1056 3098 1193 3165 radicem

239 3218 349 3259 eorum
375 3199 479 3282 posita
504 3213 562 3273 est,
587 3214 619 3264 et
646 3200 859 3265 ventilabrum
884 3200 981 3266 habet
1004 3202 1136 3287 angelus
1161 3201 1193 3265 in

239 3320 336 3360 manu
353 3320 421 3376 sua,
433 3311 469 3361 ut
484 3321 583 3380 grana
595 3300 751 3365 discernat
768 3326 787 3365 a
799 3302 907 3386 paleis.
940 3302 1070 3368 Praefati
1086 3303 1194 3367 nuncii

238 3398 280 3461 ad
296 3420 401 3481 regem
418 3398 552 3483 profecti
569 3413 653 3476 sunt,
670 3402 723 3464 sed
742 3403 822 3487 quid
838 3405 926 3489 apud
945 3404 1049 3491 ipsum
1064 3406 1192 3468 invene-

164 3487 168 3496 *
235 3500 313 3578 rint,
330 3499 470 3563 nondum
496 3501 585 3563 nobis
606 3502 765 3567 innotuit:
798 3505 857 3569 hoc
880 3518 984 3570 tamen
999 3518 1120 3571 certum
1144 3521 1192 3574 est

237 3602 325 3687 quod
342 3626 374 3666 se
389 3626 445 3666 rex
458 3602 555 3667 verbo
570 3616 600 3667 et
617 3606 735 3691 scripto
745 3607 900 3692 obligavit
916 3609 957 3672 ad
969 3610 1190 3696 exequendum

236 3705 400 3769 consilium
424 3721 455 3770 et
479 3706 663 3771 mandatum
695 3709 815 3773 domini
842 3734 946 3797 papae,
970 3714 1191 3798 scriptumque

236 3805 304 3891 ejus
319 3828 386 3891 prae
402 3807 546 3871 manibus
562 3823 620 3887 est,
632 3832 650 3872 a
664 3834 727 3895 quo
742 3812 768 3875 si
784 3813 941 3889 resilierit,
954 3813 1046 3875 facile
1060 3813 1191 3877 convin-

235 3922 337 3983 cetur,
363 3908 416 3971 sed
441 3929 498 3969 nec
521 3906 564 3970 sic
586 3909 779 3976 credendum
802 3913 922 3977 censuit
945 3909 1085 3985 ecclesia,
1101 3925 1192 3975 ante-

236 4033 332 4095 quam
356 4010 524 4073 verborum
548 4008 642 4073 fidem
664 4036 796 4097 operum
813 4011 993 4078 testimonio
1014 4010 1190 4079 roboraret.

236 4111 400 4176 Salutatus
423 4134 442 4173 a
468 4123 510 4186 te,
534 4109 708 4195 plurimum
733 4127 764 4177 et
787 4113 960 4176 affectuose
983 4124 1014 4176 te
1037 4116 1191 4179 resalutat

234 4213 503 4298 archiepiscopus,
515 4236 546 4276 se
562 4213 602 4276 ad
615 4238 753 4279 amorem
770 4228 801 4280 et
814 4215 963 4278 honorem
982 4233 1076 4280 tuum
1090 4235 1190 4301 expo·

232 4330 308 4372 nens
324 4312 560 4396 promptissima
576 4311 753 4377 devotione.
