3034 5200
301 707 345 766 68
544 697 697 762 'sciurus
712 717 833 761 sanese
839 716 987 763 nurnusrs
1163 702 1209 776 [A.
1224 717 1256 762 n.

304 873 393 938 Broc
421 868 591 934 anathema
620 871 794 948 contraxit,
817 879 850 934 et
877 871 950 951 lege
980 869 1045 932 Dei
1074 880 1258 955 contempta

305 973 472 1036 Melchom
494 972 631 1037 adorans
652 973 774 1036 litteras
801 971 923 1036 domini
948 992 1042 1054 papae
1068 993 1126 1054 pro
1152 973 1256 1035 archi·

304 1072 460 1157 episcopo
474 1074 536 1136 sibi
550 1074 675 1150 missas,
685 1073 752 1154 regi
764 1072 805 1135 ud
818 1073 1048 1154 subterfugium
1063 1071 1257 1136 obedientiae

303 1185 336 1238 et
347 1195 444 1258 opera
455 1174 571 1239 debitae
583 1173 810 1237 misericordiae
821 1173 1026 1237 excludenda
1036 1174 1256 1238 transmiserit.

305 1275 402 1339 Unde
428 1296 540 1358 precor
564 1275 727 1350 attentius,
752 1275 898 1350 consulo,
924 1282 957 1336 et
982 1284 1101 1357 quanta
1125 1295 1257 1357 possum

303 1376 457 1440 instantia
478 1396 604 1450 moneo,
627 1383 672 1453 ut,
695 1374 723 1436 si
744 1371 826 1437 falsa
847 1386 922 1437 sunt
948 1397 1020 1458 quae
1043 1374 1203 1453 dicuntur,
1225 1382 1258 1437 et

306 1475 412 1541 adhuc
428 1479 468 1541 ab
483 1478 684 1541 anathemate
698 1475 851 1538 immunis
870 1486 929 1554 est,
943 1475 1017 1552 sibi,
1030 1498 1072 1539 ne
1093 1478 1155 1540 tale
1178 1475 1256 1560 quid

306 1578 348 1643 de
363 1600 402 1642 ea
416 1578 622 1662 probabiliter
635 1576 713 1657 fingi
732 1578 845 1660 possit,
861 1577 901 1640 de
916 1587 1030 1642 caetero
1046 1586 1165 1642 caveat.
1210 1580 1256 1640 Et

304 1681 387 1744 siin
409 1680 579 1743 anathema
598 1677 724 1755 incidit,
746 1678 855 1742 redeat
878 1700 935 1762 per
956 1680 1189 1762 paenitentiam,
1210 1702 1253 1743 ne

305 1802 377 1864 quae
403 1782 486 1843 iuter
510 1780 726 1843 occidentales
748 1780 902 1843 ecclesias
922 1781 1078 1845 hactenus
1103 1782 1256 1865 religione

304 1882 440 1962 insignis
462 1882 579 1959 extitit,
596 1883 630 1944 in
652 1891 816 1964 posterum
838 1882 880 1944 sit
899 1881 1036 1962 insignis
1055 1893 1091 1946 >et
1113 1884 1255 1946 crimine.

307 1983 341 2046 si
356 1984 426 2046 haec
447 1983 631 2047 duriuscule
644 1982 812 2046 videantur
830 2003 900 2045 esse
915 1994 1084 2065 concepta,
1098 1984 1165 2046 scio
1181 1985 1258 2067 quia

305 2103 366 2146 nec
381 2082 511 2145 diabolo
525 2083 641 2165 loquor
655 2101 717 2144 nec
732 2081 937 2144 schismatico
958 2082 1181 2157 Bathoniensi‚
1197 2083 1256 2146 sed

306 2183 412 2247 amico
427 2181 565 2247 veritatis
587 2193 619 2248 et
640 2181 728 2260 fidei,
743 2194 775 2245 et
795 2203 854 2266 per
875 2204 947 2246 eum
970 2184 1115 2247 ecclesiae
1137 2183 1256 2247 Christi

306 2285 440 2349 habenti
469 2286 643 2350 caritatem.
690 2286 777 2349 Velit
804 2285 887 2350 nolit
915 2285 1064 2365 mundus,
1090 2286 1257 2351 Cantuari-

307 2407 417 2450 ensem
442 2384 621 2464 ecclesiam,
647 2386 735 2471 quod
765 2388 856 2450 Deus
880 2387 981 2466 novit,
1006 2389 1129 2452 sincera
1158 2387 1257 2471 diligo

308 2489 449 2568 caritate,
463 2500 495 2552 et
508 2489 651 2573 periculo
666 2490 697 2552 ei
711 2490 898 2553 imminente
913 2498 1018 2554 tacere
1032 2512 1099 2554 uon
1114 2513 1254 2576 possum.

307 2590 392 2655 Nam
416 2598 453 2655 ut
473 2591 517 2656 ait
538 2591 703 2675 propheta,
719 2590 784 2655 Leo
803 2593 917 2673 rugiit,
931 2593 1004 2673 qua
1021 2613 1089 2655 aon
1110 2588 1258 2657 timebit?

307 2692 471 2756 Dominus
496 2695 650 2774 loquutus
674 2699 730 2772 eat,
754 2696 829 2777 quis
848 2714 915 2756 aon
936 2692 1167 2776 prophetabit?
1203 2698 1257 2760 De

309 2804 426 2859 caetero
452 2796 479 2858 si
501 2796 701 2859 vocatiouem
724 2794 849 2858 domini
870 2795 1108 2859 cantuariensis
1129 2797 1258 2870 audisti,

310 2918 352 2959 ex
375 2917 414 2960 eo
429 2917 526 2959 causa
543 2897 712 2960 ecclesiam
735 2907 821 2959 tuam
842 2896 962 2961 invitus
984 2918 1050 2960 non
1073 2919 1181 2976 exeas,
1196 2899 1260 2961 nisi

310 2996 373 3059 alia
388 3018 485 3061 causa
500 3008 530 3061 te
546 2999 635 3061 exire
658 2999 840 3081 compellat.
886 2998 961 3063 Scio
983 2999 1081 3078 enim,
1096 3010 1128 3062 et
1142 3010 1178 3062 tu
1199 3000 1261 3063 uti·

309 3118 385 3161 nam
400 3098 509 3178 scires,
524 3099 602 3183 quid
618 3102 658 3163 ab
674 3102 746 3185 ipso
762 3101 954 3166 obtinuerim
969 3100 1039 3165 tibi.
1084 3103 1176 3167 Vale.

312 3416 534 3481 EPISTOLA
577 3417 818 3482 ccxix-an
851 3436 1080 3482 innxiunuuu
1110 3437 1266 3482 rariu-

355 3538 457 3583 ciust
471 3538 601 3585 DOMINO
617 3538 706 3583 PAPAE
722 3538 924 3584 ALEXANDRO
939 3538 1003 3584 PRO
1017 3539 1264 3586 CANTUARIENSI

356 3640 502 3685 SCRIPTA.

353 3778 493 3842 Domino
508 3783 670 3846 Alexand.
686 3783 789 3867 Papae
804 3787 951 3849 Joannes
965 3785 1226 3850 Saresberieusis.

354 3909 471 3970 ‘turni
485 3924 605 3992 nostra,
615 3926 715 3999 pater,
730 3920 762 3980 in
779 3920 989 3983 amaritudine
1003 3930 1062 3995 est,
1075 3930 1111 3981 ut
1126 3919 1213 4002 quod
1228 3919 1261 3981 iu

313 4020 489 4092 conspeetu
509 4022 612 4078 vestro
634 4018 732 4081 timeo
754 4021 936 4102 plurimum,
952 4020 1049 4081 verbo
1071 4017 1261 4081 modestiam

312 4111 479 4173 subtrahat
504 4112 552 4175 ris
581 4113 711 4193 doloris,
737 4133 769 4183 et
794 4120 948 4203 patientia
972 4139 1038 4201 prae
1064 4118 1261 4184 miseriarum

311 4212 438 4273 cumulo
450 4214 594 4295 querelas
609 4219 740 4282 omnino
755 4234 897 4305 nequeat
905 4220 1064 4285 cohibere.
1095 4221 1160 4282 Alii
1175 4223 1262 4284 enim

307 4319 449 4373 nostrum
472 4335 530 4395 pro
553 4315 739 4382 defensione
756 4320 891 4402 justitiae
913 4320 1084 4383 morientes
1100 4342 1119 4385 a
1134 4323 1207 4385 Deo
1229 4329 1273 4384 et·
