3034 5200
280 723 390 796 naa]
659 733 839 779 ematosa.
1163 717 1227 776 203

275 901 376 974 parte,
399 887 486 952 velut
507 884 649 950 inimicas
670 882 788 947 divinae
810 881 886 967 legi,
908 891 1031 946 constat
1054 903 1073 945 a
1094 882 1223 947 domino

272 1010 354 1075 papa
368 989 602 1067 condemnatos,
612 988 670 1071 qui
685 1006 759 1048 eum
777 982 908 1047 Senonis
922 983 964 1046 ab
974 1004 1084 1046 earum
1096 995 1224 1049 extorta

272 1091 478 1175 promissione
493 1087 639 1154 absolvit.
684 1087 858 1165 Caeterum,
873 1085 899 1148 si
917 1085 1015 1169 juxta
1036 1085 1223 1150 mandatum

272 1192 482 1277 apostolicum
497 1189 644 1254 dominus
658 1209 716 1252 rex
736 1208 846 1271 pacem
866 1197 899 1250 et
922 1186 1057 1269 gratiam
1073 1185 1224 1262 ecclesia,

273 1306 305 1357 et
330 1293 390 1357 ribi
415 1305 448 1356 et
474 1291 539 1355 suis
564 1289 672 1354 ablata
697 1287 883 1366 reddiderit,
909 1287 992 1352 dixit
1018 1310 1051 1351 se
1076 1299 1224 1372 paratum

273 1392 388 1469 redire,
403 1404 435 1457 et
450 1392 610 1456 facturum
634 1389 788 1474 quicquid
811 1389 1065 1474 archiepiscopus
1084 1390 1224 1454 Cantna·

273 1493 386 1558 riensis
407 1493 503 1560 debet
518 1491 596 1577 regi,
611 1491 747 1577 principi
770 1504 802 1555 et
825 1490 954 1554 domino
976 1513 1051 1556 suo:
1081 1489 1223 1576 alioquin

276 1618 309 1659 ae
332 1594 507 1660 decaetero
531 1614 664 1657 usurum
688 1605 845 1678 potestate
860 1605 965 1657 suaet
983 1593 1105 1678 jurein
1127 1592 1223 1657 male·

274 1695 409 1759 factores
424 1695 562 1760 ecclesias
576 1706 608 1758 et
618 1716 692 1757 snos
706 1706 739 1757 et
755 1715 897 1757 suorum.
913 1697 984 1758 Rex
999 1716 1084 1771 vero,
1099 1693 1227 1779 religio·

277 1820 381 1861 sorum
419 1809 451 1860 et
486 1817 674 1880 magnorum
708 1794 850 1858 virorum
887 1806 1029 1859 arctatus
1062 1794 1225 1872 instantia,

275 1897 439 1984 respondit
456 1919 488 1961 se
509 1901 542 1962 in
564 1896 654 1960 brevi
677 1909 883 1959 evocaturum
909 1895 1072 1981 episcopos
1087 1896 1224 1981 Angliae,

274 2018 411 2082 quorum
434 1996 594 2083 praecipue
614 1995 744 2059 consilio
769 1996 923 2060 hactenus
938 2019 1014 2059 usus
1036 2010 1082 2060 est
1108 1997 1139 2060 in
1165 1997 1224 2061 hac

273 2121 386 2175 causa3
412 2098 602 2184 rogavitque
619 2119 657 2160 ne
672 2095 891 2182 responsiones
906 2120 973 2162 suae
988 2097 1117 2161 domino
1132 2119 1224 2183 papae

274 2199 492 2264 scriberentur.
552 2198 613 2263 Sed
644 2199 721 2283 qnia
749 2197 824 2275 illae,
854 2211 891 2264 ut
920 2198 1043 2264 dictum
1073 2212 1131 2277 est,
1162 2222 1225 2264 non

205 2295 207 2300 ’
273 2301 473 2365 cohaerebant
496 2300 567 2378 sibi,
588 2300 657 2366 vice
681 2322 771 2362 versa
792 2313 922 2385 rogatus
943 2313 990 2366 est
1013 2324 1032 2365 a
1056 2301 1132 2367 viris
1154 2302 1226 2366 reli-

273 2402 371 2486 giosis
401 2414 438 2465 ut
463 2403 502 2465 iis
532 2401 717 2486 patentibus
744 2400 844 2464 literis
868 2403 1018 2467 scriberet
1048 2403 1136 2489 quod
1158 2427 1225 2490 pro

273 2505 459 2578 reverentia,
469 2502 618 2588 precibus
629 2514 661 2565 et
673 2513 834 2587 praecepto
845 2501 965 2567 domini
976 2524 1069 2590 papae
1081 2505 1225 2570 facturus

275 2616 354 2684 erat,
368 2628 466 2691 seque
483 2617 593 2691 postea
616 2604 704 2690 quod
728 2617 889 2688 oporteret
911 2605 1085 2691 scripturos
1108 2607 1225 2692 promi·

275 2719 393 2772 serunt.
446 2708 519 2784 Qua
543 2706 597 2769 ille
626 2706 781 2791 petitione
810 2703 987 2791 perculsus,
1013 2709 1054 2772 ab
1083 2707 1122 2771 iis
1150 2730 1225 2772 cum

272 2806 491 2892 indignatione
520 2806 656 2872 recessit.
710 2807 857 2872 Fratrem
887 2818 992 2871 tamen
1023 2808 1224 2874 Bemardum

275 2908 455 2972 trahentia
478 2919 614 2992 partem,
629 2906 711 2971 dixit
734 2929 767 2969 se
790 2928 863 2970 cum
886 2906 1087 2973 festinatione
1103 2909 1225 2975 iturum

273 3006 316 3071 ad
345 3008 509 3071 Grandem
543 3021 694 3086 montem,
723 3021 755 3070 et
790 3006 969 3092 pariturum
998 3009 1157 3074 voluntati
1190 3021 1223 3076 et

274 3106 424 3172 mandato
434 3106 577 3191 magistri
588 3107 646 3191 qui
656 3106 776 3170 ibidem
785 3106 939 3171 fratribus
950 3123 1072 3193 praeest.
1099 3111 1225 3176 Interea

274 3208 401 3272 venient
426 3206 565 3292 episcopi
592 3209 631 3270 de
657 3207 790 3292 Anglia,
814 3219 847 3271 et
873 3219 962 3286 tunc,
987 3225 1116 3277 auctore
1141 3216 1224 3292 Deo,

277 3307 372 3371 simul
387 3330 452 3393 pax
468 3307 703 3371 reformabitur.

317 3412 400 3474 Haec
414 3410 467 3474 ille
482 3409 575 3475 fratri
597 3407 782 3484 Bernardo;
814 3409 869 3474 sed
884 3410 918 3475 in
934 3411 1067 3477 veritate
1081 3415 1224 3487 nuncios,

273 3535 354 3599 quos
384 3514 521 3577 Romam
547 3512 687 3588 miserat,
713 3511 928 3596 praestolatur.
984 3514 1224 3579 consuluerunt

275 3629 378 3679 tamen
402 3615 462 3678 viri
483 3614 624 3699 religiosi
646 3613 894 3698 archiepiscopo,
917 3624 952 3676 ut
975 3633 1119 3696 personae
1140 3615 1225 3699 regis

271 3730 303 3780 et
315 3729 408 3780 terrae
424 3730 577 3802 parceret,
588 3715 688 3778 donec
700 3715 903 3800 exploratum
917 3714 958 3777 sit
973 3734 1068 3797 quem
1078 3714 1223 3781 fructum

272 3817 367 3881 faciet
397 3817 477 3881 illud
508 3815 858 3881 Grandimontanorum
890 3813 1096 3899 colloquium.
1149 3824 1223 3884 Hoc

271 3932 379 3982 autem
408 3930 529 3982 certum
559 3928 621 3993 est,
647 3916 729 3979 sicut
755 3914 979 3979 indubitanter
1004 3918 1121 4003 accepi,
1146 3921 1224 4003 quia

272 4016 527 4102 archiepiscopus
547 4014 671 4100 aliquos
686 4014 927 4078 malefactorum
950 4036 1080 4079 suorum
1095 4018 1223 4083 interim

272 4116 381 4181 debita
391 4121 558 4181 severitate
570 4115 731 4202 percellet.
764 4118 892 4180 Caetera
902 4116 1065 4199 supplebit
1077 4118 1224 4199 nuncius,

273 4238 365 4304 quem
391 4216 470 4280 mihi
495 4215 556 4281 sub
577 4215 780 4284 festinatione
806 4213 926 4278 remitti
951 4235 1073 4298 precor.
1117 4220 1224 4305 Rege,

272 4329 392 4396 autam,
420 4317 479 4383 sibi
504 4318 639 4382 invicem
665 4317 739 4383 hinc
764 4315 840 4381 inde
863 4315 1007 4401 praestito
1026 4317 1223 4403 juramento,
