3034 5200
315 689 358 748 60
549 699 685 746 Jolnnrs
700 701 979 749 snaesseamnsrs
1170 688 1215 766 [A.
1231 710 1264 752 n.

318 855 379 916 bus
406 853 532 917 faciatis
561 854 703 918 Domino
733 855 883 918 attentius
912 855 1138 919 commendari.
1183 859 1264 930 Quae

317 955 403 1018 circa
427 953 591 1018 dominum
607 955 868 1018 Cantuariensem
885 967 970 1034 sunt,
984 957 1040 1018 ubi
1054 967 1181 1021 auctore
1198 960 1266 1022 Do·

317 1055 405 1126 mino
420 1055 603 1138 prosperius
624 1056 727 1136 agitur
745 1076 841 1138 quam
864 1055 1011 1134 credatis,
1025 1057 1107 1118 lator
1129 1080 1265 1140 praesen·

318 1157 397 1221 tium
419 1156 536 1238 poterit
557 1158 694 1240 aperire:
725 1156 757 1218 ei
778 1157 863 1219 enim
887 1156 962 1220 dedi
984 1159 1018 1220 in
1041 1155 1209 1235 mandatis,
1230 1169 1267 1222 ut

319 1257 395 1320 fidei
410 1268 521 1320 vestrae
536 1258 682 1320 universa
697 1257 922 1321 communicet.

316 1538 541 1603 EPISTOLA
563 1536 783 1600 CCXV-un
797 1554 829 1599 a.
843 1554 1004 1601 assarna
1018 1548 1268 1617 sessonensnu,

688 1637 732 1716 [A.
744 1657 776 1700 n·
794 1641 906 1716 1167.]

602 1820 644 1883 R.
660 1819 779 1883 Abbati
793 1821 990 1885 Persorensi.

362 1959 430 2030 in
445 1957 556 2020 amicis
574 1955 683 2018 necin
703 1955 814 2018 salutis
830 1967 902 2018 voto
923 1958 1140 2021 communicat
1157 1961 1267 2042 procul

319 2069 369 2122 est
382 2079 402 2121 a
416 2056 565 2132 caritate3
594 2063 627 2118 et
647 2077 712 2118 non
736 2076 841 2118 amare
863 2056 1063 2121 convincitur
1086 2060 1142 2141 qui
1164 2062 1271 2124 oblata

318 2157 557 2242 opportunitate
569 2155 732 2240 colloquii,
743 2163 915 2218 amatorem
930 2157 980 2220 sui
994 2178 1054 2221 nec
1070 2160 1271 2224 salutationis

319 2267 441 2322 recreat
453 2259 559 2320 verbo.
589 2258 676 2319 Nam
690 2277 751 2319 nec
767 2256 832 2319 illis
845 2259 943 2321 verba
957 2258 1069 2322 deesse
1085 2261 1202 2338 solent,
1213 2262 1270 2344 qui

319 2361 430 2441 lingua
454 2357 593 2440 diligunt
617 2368 649 2420 et
674 2356 875 2448 simulatione
902 2358 1078 2424 duntaxat:
1113 2361 1168 2443 qui
1192 2361 1271 2425 fidei

317 2482 437 2524 munus
451 2470 484 2524 et
497 2458 636 2533 caritatis
647 2455 787 2521 officium
802 2479 862 2522 nec
873 2456 1041 2525 affectione
1056 2460 1202 2538 retinent,
1211 2484 1272 2528 nec

319 2570 473 2625 exercent
495 2580 590 2643 opere
614 2568 645 2622 et
666 2558 807 2623 veritate.
851 2560 979 2624 Memor
1000 2583 1076 2645 ergo
1098 2573 1271 2629 contracte

319 2667 404 2729 inter
425 2684 486 2726 nos
506 2659 666 2739 amicitia),
686 2660 780 2723 latori
805 2663 1013 2743 praesentium
1038 2665 1143 2726 natale
1167 2665 1271 2727 solum

320 2767 455 2831 inrisere
482 2762 647 2845 satagenti,
672 2760 748 2825 dedi
777 2762 812 2823 in
840 2760 1011 2840 mandatis,
1037 2763 1186 2846 quatinus
1214 2785 1272 2827 vos

319 2870 472 2933 salutaret
489 2865 619 2929 nomine
635 2883 716 2940 meo,
731 2874 764 2924 et
782 2861 823 2925 de
839 2872 923 2926 statu
938 2875 1053 2940 restro,
1068 2884 1164 2947 quem
1181 2864 1273 2928 Deus

319 2969 477 3050 optimum
499 2966 607 3039 faeiat,
631 2963 802 3046 diligenter
820 2962 1004 3047 inquireret,
1027 2974 1063 3028 ut
1084 2963 1193 3029 audita
1214 2985 1275 3049 per

322 3088 395 3131 eum
409 3068 509 3129 forma
531 3065 724 3129 conditionis
747 3074 857 3129 vestrae
876 3067 1011 3149 possim,
1025 3075 1062 3130 ut
1076 3067 1199 3150 justum
1215 3079 1275 3145 est,

322 3167 417 3231 amici
438 3166 601 3249 pressuris,
621 3186 700 3247 quas
719 3178 810 3248 pater
831 3166 1117 3233 misericordiarum
1140 3190 1160 3232 a
1178 3168 1274 3232 domo

323 3280 425 3331 vestra
443 3275 560 3343 arceat,
575 3265 733 3347 compati:
767 3269 817 3329 vel
837 3269 1053 3347 successibus,
1067 3290 1149 3351 quos
1169 3270 1275 3333 multi·

321 3368 435 3453 plicari
450 3378 482 3430 et
495 3366 675 3451 perpetuari
687 3365 843 3445 desidero,
854 3369 1067 3451 congaudere.
1095 3370 1163 3432 Vos
1178 3371 1274 3435 etiam

323 3468 363 3533 de
389 3479 473 3534 statu
497 3488 569 3531 meo
591 3476 623 3530 et
645 3468 885 3531 coexulantium
909 3468 948 3546 (si
969 3480 1075 3533 tamen
1101 3489 1178 3531 cura
1204 3469 1273 3533 haec

320 3571 506 3655 quempiam
521 3570 671 3633 sollicitat
691 3579 834 3635 veterum
853 3566 1042 3649 amicorum)
1064 3589 1122 3650 per
1138 3570 1276 3633 eundem

322 3671 482 3736 certiorari
504 3671 658 3754 poteritis,
680 3683 713 3733 et
734 3672 807 3735 Deo
830 3679 961 3735 auctore
986 3670 1141 3733 veraciter
1165 3670 1275 3734 audire

321 3794 473 3855 prospera
484 3772 525 3835 de
538 3771 696 3856 praesenti,
708 3781 741 3835 et
755 3792 881 3855 sperare
895 3772 1065 3835 nobiscum
1077 3771 1110 3832 in
1126 3770 1214 3833 brevi
1229 3769 1270 3836 de

317 3874 425 3941 ,futuro
453 3871 672 3953 prosperrima.
718 3870 790 3934 Nisi
819 3871 907 3935 enim
931 3870 1098 3954 pactiones
1127 3889 1200 3951 quae
1230 3870 1271 3933 de

322 3975 468 4038 libertate
483 3972 627 4035 ecclesia
643 3985 675 4035 et
687 3972 897 4050 restitutione,
913 3981 945 4034 et
959 3992 1041 4053 pace
1056 3979 1089 4033 et
1104 3970 1273 4034 securitate

324 4072 564 4140 Cantuariensis
578 4073 812 4156 archiepiscopi
835 4082 868 4135 et
890 4092 1030 4148 suorum,
1047 4093 1120 4135 cum
1143 4069 1274 4135 domino

324 4200 410 4261 papa
437 4177 523 4241 initae
552 4187 634 4252 sunt,
660 4188 693 4239 et
720 4174 854 4238 firmatae
883 4172 1096 4247 cautionibus,
1124 4194 1206 4257 quas
1232 4172 1274 4236 ad

321 4300 463 4358 presens
477 4278 613 4361 exprimi
622 4299 687 4341 non
703 4285 838 4359 oportet,
851 4274 989 4339 fideliter
1003 4276 1207 4359 impleantur,
1217 4295 1275 4357 per
