3034 5200
282 739 390 817 nna]
666 754 845 799 rrrsronm.
1174 745 1231 802 147

276 906 429 970 rationem
456 904 642 970 subvertens
668 905 829 990 opinionis
854 905 988 969 fallacia.
1043 908 1133 992 Soepe
1157 908 1229 992 qui-

277 1007 349 1070 dem
372 1007 489 1086 monui,
512 1029 610 1071 neca
633 1006 784 1070 memoria
806 1020 863 1072 tua
885 1007 1039 1073 debuerat
1062 1009 1227 1084 excidisse,

276 1122 314 1173 ut
339 1131 469 1194 operam
495 1109 587 1173 dares
612 1121 644 1172 et
673 1108 883 1192 diligentiam,
912 1121 1069 1196 quatenus
1098 1109 1228 1174 ecclesia

276 1210 521 1290 cantuariensis,
536 1222 604 1275 tum
628 1209 896 1295 contemplatione
913 1210 986 1291 Dei,
1002 1225 1070 1275 tum
1088 1209 1227 1298 propriae

274 1311 449 1376 honestatis
462 1312 595 1387 intuitu,
612 1311 751 1398 aliquam
771 1311 1014 1376 consolationem
1029 1311 1227 1398 impenderet

277 1414 373 1499 patri,
388 1436 447 1499 pro
461 1414 589 1498 justitia
603 1426 634 1478 et
651 1413 798 1478 libertate
817 1413 955 1476 ecclesiae
969 1414 1122 1478 exulanti.
1170 1415 1228 1477 Me

276 1516 379 1578 ventis
405 1516 501 1580 verba
524 1514 658 1593 dedisse,
683 1536 732 1578 res
757 1514 891 1600 indicat,
916 1528 949 1579 et
973 1516 1005 1579 in
1032 1517 1228 1580 contrarium

276 1627 437 1691 eventurn,
453 1616 479 1678 si
495 1616 669 1680 multorum
685 1615 849 1681 assertioni
869 1617 1062 1682 credendum
1078 1630 1138 1695 est,
1154 1630 1230 1682 vota

276 1727 447 1781 cesserunt.
493 1715 624 1792 Quoties
638 1716 720 1779 enim
736 1717 922 1781 mandatum
944 1717 1063 1781 domini
1078 1742 1171 1804 papae
1186 1717 1229 1781 ad

275 1816 436 1880 ecclesiam
452 1829 588 1880 vestram
605 1816 767 1901 dirigitur,
779 1818 903 1903 quoties
919 1818 958 1881 de
973 1818 1112 1883 utilitate
1127 1818 1228 1882 archi·

277 1917 416 2003 episcopi
436 1940 538 1981 sermo
557 1931 604 1983 est
626 1919 710 1983 inter
732 1942 799 1994 vos,
823 1919 928 1983 statim
951 1920 992 1983 ad
1014 1918 1229 1983 excommuni-

277 2036 383 2086 catum
413 2021 517 2098 illum,
542 2021 598 2107 qui
628 2022 769 2087 ecclesiae
799 2021 940 2098 incubat,
970 2021 1070 2085 currit
1100 2020 1229 2097 delatio,

278 2121 387 2186 relatio
403 2121 581 2188 destinatur
601 2120 641 2185 ad
659 2135 776 2206 regem,
791 2122 983 2207 apostolicus
1003 2135 1181 2198 accusatur,
1196 2135 1228 2186 et

278 2223 337 2287 sub
346 2234 507 2308 praetextu
516 2223 656 2307 publicae
665 2223 833 2307 potestatis
845 2223 1046 2287 contrahitur
1057 2221 1229 2307 impietatis

274 2324 406 2400 occasi0,
430 2335 462 2387 et
486 2323 577 2408 quasi
603 2322 770 2386 necessitas
793 2322 1008 2408 delinquendi.
1051 2329 1165 2389 Nonne
1187 2325 1229 2388 ob

277 2427 358 2488 hano
382 2445 524 2486 caussam
550 2422 708 2506 relegatus
731 2435 780 2488 est
797 2424 989 2511 Radulphns
1011 2426 1050 2489 de
1074 2426 1229 2502 Arnndel,

277 2525 354 2611 quia
368 2527 401 2588 in
416 2522 568 2608 capitulo,
584 2523 657 2587 solis
671 2523 890 2588 assistentibus
911 2527 1050 2591 ecclesiae
1064 2527 1137 2590 filiis
1158 2539 1227 2593 ute-

276 2627 363 2707 rinis,
379 2640 411 2690 et
426 2626 663 2711 quodammodo
677 2626 798 2690 intimis
814 2627 986 2693 visceribus
1001 2630 1115 2707 cordis,
1131 2629 1227 2693 eccle-

278 2731 332 2794 siae
348 2730 525 2815 Anglorum
535 2729 642 2793 literas
650 2729 839 2815 apostolicas
851 2752 948 2795 ausus
958 2745 1005 2796 est
1017 2736 1229 2817 praesentare?

278 2832 400 2911 Liberi,
414 2830 519 2917 inquit
534 2831 629 2895 etiam
649 2831 795 2916 gentium
811 2831 875 2911 lex,
892 2845 1039 2919 parentes
1061 2833 1158 2913 alant,
1172 2847 1228 2897 aut

278 2934 465 2998 vinciantur.
510 2934 556 2998 Et
570 2933 641 2997 haec
653 2933 781 3017 utique,
798 2934 879 2999 sicut
902 2935 1014 3002 melius
1033 2936 1127 3016 nosti,
1142 2958 1229 3000 sanc-

279 3035 364 3099 tione
380 3035 549 3117 utrinsqus
564 3035 744 3099 testamenti
759 3035 916 3101 firmatur.
946 3025 1043 3102 Unde
1057 3037 1230 3123 colligitur,

278 3157 380 3221 quum
400 3146 523 3219 patrem
543 3134 686 3200 habeatis
705 3149 862 3220 egentem,
878 3139 966 3224 quod
985 3140 1013 3203 ei
1032 3140 1154 3205 debetis
1174 3139 1230 3203 ali-

280 3248 398 3315 menta,
412 3247 469 3298 aut
485 3235 575 3299 vobis
591 3260 608 3298 a
625 3240 695 3301 Deo
710 3237 868 3304 debentur
883 3240 1017 3306 vincula.
1054 3242 1133 3319 Quis
1147 3243 1231 3307 enirn

278 3335 344 3399 sani
359 3333 471 3421 capitis
482 3335 625 3399 homines
640 3337 761 3415 credat,
772 3339 829 3423 qui
844 3342 945 3426 patris
957 3365 1017 3428 pro
1030 3356 1096 3407 tam
1112 3343 1230 3407 sincera

277 3460 388 3501 caussa
405 3437 472 3501 sine
493 3439 720 3524 compassionis
738 3440 842 3506 officio
860 3444 1001 3524 videant,
1017 3444 1125 3522 immo,
1141 3447 1230 3531 quod

276 3562 297 3603 a
307 3538 417 3604 multis
432 3539 562 3620 dicitur,
574 3553 606 3605 et
619 3542 744 3607 rideant
762 3544 903 3620 exilium,
914 3546 1188 3631 proscriptionem,
1199 3560 1231 3611 et

277 3647 472 3726 egestatem?
495 3644 636 3708 Animus
647 3633 845 3732 tamenejus,
856 3648 943 3734 quod
956 3647 1050 3711 multi
1065 3648 1232 3724 mirantur,

276 3766 295 3806 a
311 3744 400 3807 vobis
415 3743 570 3809 alienatus
584 3755 722 3825 nonest,
737 3747 792 3810 sed
808 3771 866 3833 per
882 3747 954 3828 tela,
969 3761 1002 3812 et
1017 3771 1074 3833 per
1088 3750 1188 3836 ignes,
1200 3762 1233 3815 et

277 3845 398 3911 ultimae
414 3847 489 3910 vitae
501 3845 681 3909 discrimina
694 3847 784 3911 vobis
797 3849 918 3929 salutis,
928 3851 1068 3929 honoris,
1080 3864 1112 3916 et
1123 3853 1233 3937 glorias

276 3946 445 4012 thesauros
459 3952 614 4033 congerit,
626 3948 755 4033 quibus,
768 3963 899 4014 auctore
914 3952 995 4034 De0,
1007 3954 1234 4018 Britannorum

280 4059 379 4111 mater
400 4047 433 4111 in
449 4047 580 4113 Christo
601 4050 814 4134 triumphabit
835 4051 867 4114 in
891 4052 979 4116 brevi
999 4052 1147 4136 gloriosa,
1161 4052 1235 4134 plus

281 4169 376 4230 quam
395 4148 494 4213 fuerit
518 4172 656 4236 unquam
680 4152 714 4214 in
737 4152 852 4216 diebus
872 4153 1021 4238 antiquis.
1067 4152 1233 4238 Numquid

284 4246 369 4310 solus
385 4249 579 4336 Radulphns
594 4252 698 4316 fidelis
713 4266 782 4316 erat
797 4252 926 4315 domino
940 4275 1043 4339 papae,
1057 4264 1088 4315 et
1100 4252 1236 4319 devotus

281 4346 542 4437 archiepiscopo?
581 4353 738 4438 Nunquid
769 4352 1000 4438 provinciarum
1030 4354 1176 4442 princeps
1205 4358 1237 4421 in

722 4461 778 4517 nt
