3034 5200
245 748 351 828 lma]
627 758 806 808 ammona.
1153 741 1191 800 81

240 919 318 1002 quid
333 927 482 982 exactum
497 917 603 992 fuerit,
614 914 763 978 desidero
779 911 971 997 praemuniri,
988 920 1024 974 ut
1038 931 1072 973 se
1088 911 1147 987 sic,
1163 913 1190 974 si

239 1040 290 1082 res
314 1019 466 1101 exegerit,
492 1018 615 1099 obliget
644 1015 686 1079 ad
714 1016 892 1078 humanum
921 1012 1121 1094 obsequium,
1148 1035 1190 1076 ne

241 1120 437 1184 conscientia
450 1118 644 1183 innocentiae
660 1116 863 1201 dispendium
878 1114 1025 1196 patiatur.
1055 1114 1102 1176 Et
1114 1115 1193 1179 licet

239 1242 354 1285 arcana
376 1243 435 1285 sua
457 1221 503 1285 sic
527 1220 675 1283 studeant
697 1217 861 1293 occultari,
882 1237 947 1278 uon
970 1215 1064 1278 facile
1087 1214 1194 1278 credi·

241 1321 340 1384 derim
357 1321 453 1405 quod,
468 1320 531 1383 nisi
547 1333 703 1404 quatenus
724 1319 880 1381 Romanis
896 1317 1039 1379 demere
1060 1317 1193 1399 antiquo

242 1423 328 1500 licet,
351 1443 501 1485 exercere
523 1423 622 1484 velint
645 1442 742 1504 opera
768 1421 986 1483 tenebrarum:
1018 1418 1193 1500 praesertim

200 1561 204 1567 ·
244 1542 342 1604 quum
355 1521 459 1585 sciant
470 1520 611 1582 omnium
622 1519 734 1582 oculos
745 1519 778 1581 in
792 1541 825 1582 se
838 1539 908 1580 esse
924 1516 1060 1579 defixos
1097 1518 1193 1596 Nam,

244 1621 271 1682 si
286 1622 465 1683 rumoribus
480 1619 567 1682 credi
583 1630 716 1702 oportet,
730 1620 809 1681 alter
823 1638 931 1681 eorum
947 1618 1114 1700 proposuit
1128 1619 1194 1696 regi

244 1723 419 1803 Anglorum
435 1722 577 1786 ecclesiae
593 1720 728 1783 rendere
749 1722 938 1796 libertatem,
953 1730 986 1782 et
1004 1719 1194 1801 sanguinem

243 1821 450 1885 innocentum
462 1820 660 1885 exulantium
673 1831 706 1883 et
716 1821 964 1905 proscriptorum
974 1839 1031 1903 pro
1041 1818 1194 1883 Domine.

248 1922 369 1986 Valete.

273 2181 494 2247 EPISTOLA
517 2181 771 2246 CCXXV.-an
786 2198 925 2243 pureum
941 2196 1161 2243 scarrroenru.

614 2285 700 2364 [aa.
720 2283 830 2362 rma]

533 2421 567 2482 J.
584 2420 621 2485 S.
636 2420 733 2483 Petro
747 2419 917 2501 Scriptori.

292 2540 442 2603 laturas
457 2538 711 2602 intermeantium
723 2539 817 2602 nobis
832 2539 987 2604 subtrabit
997 2550 1107 2603 mutua
1118 2541 1199 2603 sola-

248 2641 292 2705 tia
313 2641 482 2718 literarum,
497 2651 530 2703 et
544 2640 641 2704 chaos
663 2639 750 2723 quod
766 2640 849 2704 inter
864 2663 932 2719 nos,
947 2642 1069 2705 meritis
1083 2642 1200 2704 uostris

248 2743 494 2826 exigentibuS,a
517 2743 657 2805 Domino
678 2742 839 2806 firmatum
862 2754 920 2821 est,
935 2766 1082 2808 securum
1103 2744 1200 2807 iuter·

249 2845 428 2908 meantibus
457 2843 594 2926 denegat
623 2855 847 2908 commeatum.
903 2846 967 2909 Sed
996 2846 1074 2909 licet
1106 2846 1201 2908 nobis

249 2947 451 3010 subtrabatur
463 2946 684 3029 opportunitas
700 2946 918 3028 colloquendi,
929 2968 994 3010 uon
1008 2946 1202 3030 praepeditur

250 3058 367 3111 mutuae
383 3045 564 3110 dilectionis
579 3048 723 3110 affectio:
756 3046 814 3110 sed
828 3046 1000 3112 amantium
1023 3070 1120 3127 more,
1136 3070 1201 3132 quo

251 3151 354 3231 magis
368 3171 542 3212 succensos
564 3150 687 3212 animos
701 3161 797 3214 vexat
818 3162 923 3216 metus
944 3165 977 3216 et
997 3174 1110 3217 manus
1133 3176 1202 3219 cor-

251 3250 446 3335 ripientium,
458 3272 497 3315 eo
513 3253 705 3316 cumulatius
719 3263 752 3317 et
766 3253 926 3317 ardentius
942 3256 1056 3319 caritas
1068 3256 1202 3339 suscipit

252 3354 493 3416 incrementum.
539 3353 574 3416 Si
590 3366 621 3417 te
637 3366 758 3435 ergoet
774 3356 855 3419 alios
874 3356 996 3419 amicos
1011 3357 1119 3421 videre
1133 3380 1210 3421 nou-

251 3455 339 3530 licet,
354 3454 382 3517 si
398 3454 516 3517 mutuis
532 3455 689 3519 deservire
707 3458 871 3540 obsequiis
893 3478 959 3519 non
981 3460 1203 3540 permittimur,

251 3579 354 3621 amare
365 3567 449 3619 certe
458 3556 533 3621 licet
545 3557 627 3620 rotis
635 3568 667 3621 et
678 3559 875 3622 orationibus
884 3558 1043 3643 adjuvare.
1077 3558 1204 3622 Caritas

252 3660 348 3733 enim,
371 3670 407 3722 ut
428 3659 548 3722 dictum
573 3670 631 3739 est,
646 3661 792 3724 cohiberi
814 3682 879 3723 nou
901 3668 1017 3744 potest,
1035 3660 1110 3743 quia
1131 3660 1202 3724 ubi·

251 3782 386 3845 cumque
403 3761 540 3845 Spiritus
553 3762 684 3824 Domini
694 3763 740 3825 ibi
755 3775 805 3827 est
815 3775 847 3826 et
857 3764 995 3825 libertas.
1036 3763 1112 3825 Non
1126 3763 1206 3827 licet.

252 3863 502 3927 ecclesiasticam
518 3874 623 3926 tenere
640 3873 671 3927 et
693 3863 865 3928 defendere
886 3864 1084 3929 libertatem:
1116 3874 1209 3927 certe

253 3968 447 4050 proclamare
462 3966 548 4042 licet,
564 3974 596 4028 et
618 3966 786 4048 protestari
801 3965 951 4030 mandata
965 3967 1047 4047 legis
1066 3965 1201 4028 divinae:

251 4067 327 4129 licet
347 4089 406 4151 pro
428 4069 525 4129 verbo
548 4067 623 4143 Dei,
642 4067 729 4150 quod
744 4068 779 4129 in
801 4088 897 4129 carne
919 4075 1069 4147 suscepta
1089 4083 1124 4125 se
1146 4078 1205 4141 pro

254 4169 348 4231 nobis
363 4168 453 4231 morti
471 4169 630 4251 exposuit,
647 4190 806 4251 exponere
828 4191 894 4232 non
916 4167 1013 4230 modo
1035 4164 1204 4228 facultates

253 4280 285 4330 et
301 4270 472 4351 perituram
494 4271 723 4353 supellectilem
746 4268 842 4350 hujus
863 4268 986 4344 mundi,
1001 4266 1059 4330 sed
1082 4275 1114 4327 et
1136 4257 1216 4322 anie

253 4390 322 4432 mas
335 4381 468 4437 nostras.
512 4372 572 4435 Ille
593 4382 699 4435 autem
721 4373 877 4432 bonarum
894 4368 1043 4433 mentium
1068 4359 1212 4450 Spiritus.

299 4488 371 4534 vot.
389 4490 424 4536 11.
719 4488 740 4530 e
