3034 5200
299 744 407 822 noe]
682 760 863 805 nmsronn.
1188 746 1251 803 215

294 910 408 973 horum
424 922 455 973 et
470 910 613 996 judicem
630 909 754 985 invoco,
771 909 923 995 imputari
939 931 999 972 non
1016 908 1142 987 debeat,
1157 908 1182 970 si
1197 931 1248 971 me

295 1010 434 1074 salubria
448 1012 663 1076 consulentem
680 1009 897 1093 dedignantur
913 1010 1032 1076 audire.

310 1377 531 1440 EPISTOLA
556 1376 775 1440 CCXC.-nn
790 1394 999 1439 wrnnsnuuu
1015 1393 1233 1438 sunenronuu

488 1496 782 1541 crurunamnsnm.
837 1477 882 1557 [a.
896 1496 926 1538 n.
942 1478 1049 1556 nun]

514 1661 666 1725 Willelmo
681 1662 854 1744 Subpriori
871 1663 1035 1725 Cantator.

337 1807 444 1874 Lmsr
466 1811 643 1875 communis
664 1823 756 1898 pater
779 1821 886 1875 noster
908 1825 942 1874 et
962 1807 1112 1873 dominus
1135 1808 1249 1891 magis·

292 1920 343 1973 tra
368 1910 498 1975 caritate
517 1911 664 1976 didicerit
685 1912 849 1977 abundare
872 1922 906 1977 et
927 1910 1094 1996 penuriam
1115 1910 1192 1995 pati,
1216 1921 1249 1974 et

292 2009 413 2097 ubique
437 2022 471 2075 et
495 2011 529 2075 in
552 2013 712 2090 omnibus,
740 2012 773 2076 in
805 2013 921 2099 quibus
950 2022 1009 2093 est,
1038 2032 1095 2096 pro
1124 2010 1251 2075 Christo

293 2112 450 2177 sufficiens
471 2135 557 2180 esse:
588 2114 714 2198 gaudeo
737 2126 846 2177 tamen
869 2124 1000 2198 propter
1018 2123 1063 2188 te,
1078 2111 1165 2197 quod
1179 2122 1251 2176 tan·

291 2214 366 2277 dem
389 2214 560 2299 aliquando
580 2216 857 2302 qualitercumque
878 2213 992 2278 caritas
1019 2224 1075 2276 tua
1097 2210 1250 2292 refloruit,

292 2325 325 2380 et
338 2315 456 2380 indicio
478 2317 583 2402 operis
598 2318 743 2404 quamvis
766 2338 846 2396 sero,
863 2329 897 2381 et
911 2314 1037 2380 modico
1051 2314 1139 2400 prius
1153 2337 1252 2400 appa·

291 2425 426 2493 rentem,
441 2416 601 2480 convincit
620 2416 671 2481 vel
691 2417 833 2481 tenuiter
854 2416 960 2480 virere
982 2415 1091 2492 fidem,
1108 2437 1182 2501 quae
1199 2417 1250 2500 (ut

292 2515 388 2598 nosti)
406 2525 486 2580 teste
502 2517 622 2582 Jacobo
636 2518 704 2582 sine
720 2518 870 2604 operibus
885 2527 1012 2582 mortua
1027 2528 1084 2582 est.
1121 2517 1165 2582 Et
1180 2516 1251 2604 qui-

291 2618 366 2683 dem
378 2619 432 2683 ille
448 2620 569 2685 nullam
579 2622 734 2686 hactenus
746 2633 804 2687 aut
814 2622 979 2686 honestam
991 2621 1147 2684 duntaxat
1158 2621 1251 2684 susti-

291 2718 361 2785 nuit
382 2732 603 2805 paupertatem
621 2723 694 2787 Deo
717 2732 918 2807 temperante
939 2720 1077 2804 flagella,
1096 2732 1130 2783 et
1143 2743 1252 2805 perse-

291 2821 460 2907 quutiones
482 2822 649 2889 hominum
673 2836 710 2889 ut
737 2824 919 2890 tolerabiles
936 2824 999 2887 sint
1016 2821 1173 2904 fidelibus,
1188 2823 1253 2888 cle-

290 2923 430 2988 mentius
444 2924 623 3009 mitigante,
640 2926 697 2990 sed
715 2927 757 2991 ad
780 2926 891 2990 horam
907 2935 1082 3009 temptatus
1104 2935 1153 2988 est
1168 2934 1203 2988 ut
1218 2948 1252 2990 se

290 3022 416 3106 plenius
430 3038 626 3109 agnosceret,
642 3039 676 3092 et
699 3027 826 3112 planius
843 3027 1057 3091 innotesceret
1071 3026 1203 3107 mundo,
1217 3036 1252 3091 et

291 3122 325 3185 in
341 3134 439 3188 tantae
454 3126 667 3193 tribulationis
682 3128 830 3212 angustia
844 3127 942 3192 fidem
958 3126 1132 3191 amicorum
1148 3128 1252 3191 mani-

290 3223 400 3288 festius
425 3227 671 3311 comprobraret.
717 3230 790 3293 Jarn
823 3251 881 3314 per
908 3229 1017 3313 ignem
1047 3230 1192 3295 transivit
1217 3241 1251 3295 et

290 3347 418 3411 aquam,
428 3326 580 3392 vexillum
594 3328 668 3393 fidei
681 3340 713 3393 et
723 3329 859 3414 justitiae
870 3340 944 3395 ante
954 3352 1045 3414 reges
1054 3341 1087 3394 et
1098 3331 1250 3416 praesides

289 3428 483 3495 reluctantes
507 3442 540 3495 et
562 3431 816 3497 contradicentes
839 3432 962 3518 erigere
978 3446 1011 3497 et
1034 3434 1174 3518 perferre
1190 3456 1251 3498 nee

291 3531 429 3609 erubuit,
445 3554 505 3597 nec
520 3534 658 3619 expavit,
675 3556 734 3600 nec
755 3557 862 3621 prece,
877 3556 938 3599 nec
952 3535 1066 3619 pretio,
1081 3557 1141 3598 nec
1155 3536 1251 3599 minis

290 3644 346 3698 aut
361 3633 523 3699 blanditiis
537 3648 593 3701 aut
608 3638 775 3702 tormentis
793 3637 897 3720 frangi
913 3636 964 3701 vel
983 3635 1069 3699 flecti
1085 3636 1197 3719 potuit,
1213 3645 1251 3700 nt

290 3755 408 3798 nomen
426 3735 558 3800 Domini
578 3737 737 3820 reticeret,
753 3748 788 3803 et
810 3735 938 3800 honoris
952 3735 1022 3819 ejus
1043 3734 1250 3820 quantulum·

294 3856 432 3921 cumque
461 3837 665 3922 dispendium
697 3848 870 3924 pateretur.
928 3836 1095 3923 Numquid
1125 3859 1188 3900 non
1218 3837 1250 3900 ei

292 3936 414 4001 dictum
442 3950 500 4016 est,
524 3949 557 4004 et
579 3940 646 4004 fere
668 3940 773 4006 verbis
798 3940 929 4017 eisdem,
951 3939 1008 4004 sed
1031 3939 1154 4003 diverso
1177 3960 1251 4023 pro·

293 4036 405 4120 posito,
436 4039 504 4103 siue
530 4062 582 4104 me
613 4050 649 4105 ut
678 4040 831 4106 honorem
862 4040 1006 4104 divinum
1032 4036 1187 4113 minuam,
1213 4050 1251 4104 ut

296 4136 440 4201 ecclesiae
462 4140 588 4205 deleam
610 4142 804 4232 libertatem,
820 4154 853 4207 et
874 4141 1038 4207 faciamte
1061 4159 1201 4202 crescere
1216 4140 1251 4205 in

294 4249 424 4321 gentem
453 4262 614 4325 magnam,
645 4244 724 4308 dum
752 4243 849 4308 modo
878 4240 1123 4306 consuetudines
1151 4240 1251 4306 avitus

295 4338 467 4423 procedere
487 4344 627 4427 patiaris,
644 4354 678 4409 et
697 4344 743 4409 eis
764 4366 829 4410 non
843 4355 1018 4429 anteponas
1039 4350 1096 4406 aut
1110 4361 1251 4425 opponas
