3034 5200
285 707 400 786 1173.]7
663 723 843 768 norsronn.
1170 712 1228 769 aul

311 910 529 973 EPISTOLA
552 909 968 973 CCCXVlll.—ntnsnnn
983 928 1027 971 au
1044 927 1194 970 eunoun.

667 1014 712 1087 [A.
727 1030 757 1072 n.
777 1015 886 1087 1173]

280 1116 553 1208 Encellenttssimo
582 1147 710 1210 domino
739 1151 769 1206 et
794 1146 886 1225 patri
915 1147 1077 1206 carisomo
1106 1146 1145 1205 A.
1170 1143 1234 1204 Dei

319 1249 431 1325 grotta
456 1268 579 1310 summo
603 1249 760 1330 pontiflci,
785 1247 826 1308 B.
849 1246 1046 1308 Euom’ensa'o
1067 1248 1233 1327 episcopua

324 1349 469 1411 sulutem.

323 1471 556 1529 Arosromrm
576 1478 678 1528 vestro
701 1463 844 1549 pluribus
867 1486 907 1527 ex
928 1461 1030 1527 causis
1053 1463 1232 1546 Anglicana

280 1564 371 1628 solito
394 1565 495 1648 magis
518 1566 756 1650 congratulatur
777 1566 921 1641 ecclesia,
938 1565 994 1628 sed
1009 1565 1086 1628 alias
1102 1566 1142 1629 ad
1158 1587 1234 1628 con-

280 1665 450 1731 ciliandam
467 1667 610 1732 om'nium
626 1669 761 1753 gratiam
784 1667 944 1731 antecedit
960 1667 1045 1753 quod
1060 1667 1232 1752 gloriosum

282 1768 399 1832 Christi
434 1780 607 1856 martyrem
645 1782 825 1835 sanctorum
859 1768 1002 1853 catalogo
1037 1770 1232 1855 praecepistis

279 1869 403 1949 ascribi,
429 1884 462 1935 et
490 1872 667 1956 legatorum
694 1885 869 1936 vestrorum
900 1871 1056 1935 industria
1085 1872 1233 1936 desolatis

279 1974 420 2038 ecclesiis
431 1997 501 2061 spes
513 1989 625 2040 vestrae
638 1975 859 2040 consolationis
873 1973 986 2051 illuxit,
998 1986 1033 2038 ut
1048 1975 1089 2038 ad
1105 1975 1232 2059 plenam

280 2074 460 2139 libertatern
477 2077 688 2142 confidentius
703 2077 843 2141 audeant
858 2076 1005 2160 aspirare.
1052 2077 1141 2140 Inter
1155 2099 1234 2163 quas

280 2188 382 2241 mater
403 2190 510 2243 nostra
532 2192 640 2244 sancta
664 2181 758 2246 Cant.
775 2179 919 2258 ecclesia,
941 2201 1015 2264 quae
1037 2191 1085 2243 tot
1109 2191 1141 2242 et
1164 2192 1235 2242 tan·

281 2286 385 2338 torum
406 2287 581 2363 martyrum
606 2277 759 2362 sanguine
780 2277 951 2355 laureatur,
971 2288 1005 2340 et
1026 2300 1059 2341 se
1082 2277 1123 2340 ab
1144 2277 1235 2341 initio

281 2399 338 2461 pro
353 2378 488 2461 justitia,
508 2402 565 2464 pro
585 2379 732 2444 libertate
754 2379 907 2455 ecclesiae,
929 2401 985 2464 pro
1005 2379 1087 2442 sedis
1109 2391 1236 2465 aposto·

281 2479 352 2543 licae
364 2479 518 2545 fidelitate
534 2482 682 2567 periculis
697 2504 823 2567 semper
837 2482 996 2567 exposuit:
1018 2481 1148 2545 tandem
1158 2480 1236 2565 'post

279 2581 412 2659 labores,
443 2594 514 2669 post
549 2584 677 2667 damna,
713 2596 784 2671 post
820 2583 1016 2649 calamitates
1052 2584 1235 2648 innumeras

281 2705 358 2768 quas
370 2684 486 2749 referre
497 2686 691 2773 superfluum
703 2697 761 2761 est,
768 2708 868 2771 quum
878 2697 962 2749 totus
973 2708 1026 2749 eas
1037 2684 1235 2749 Christianus

283 2786 367 2850 orbis
387 2789 560 2871 agnoverit,
577 2789 697 2852 meritis
717 2789 786 2873 ejus
808 2787 916 2853 divina
937 2788 1147 2872 respondente
1171 2785 1235 2850 cle-

282 2889 401 2953 mentia
416 2890 561 2955 videatur
574 2892 615 2956 ad
630 2892 728 2955 finem
744 2890 900 2974 naufragii
915 2892 1110 2975 pervenisse:
1132 2912 1235 2975 nuper

282 2991 367 3054 enim
384 3013 483 3079 quum
499 2994 579 3057 ethi
599 2994 702 3080 quiin
719 2992 821 3079 prima
836 2993 911 3057 sede
931 2993 1063 3076 degunt,
1078 3004 1111 3055 et
1126 2992 1235 3055 suffra-

281 3093 374 3173 ganei
391 3093 573 3177 provinciae,
587 3106 620 3159 et
634 3118 744 3159 omnes
765 3095 805 3159 ad
820 3117 899 3180 quos
916 3094 1097 3180 pertinebat
1111 3093 1236 3174 electio,

284 3196 504 3260 convenissent
539 3209 704 3282 praeeunte
738 3196 896 3261 desiderio
932 3206 965 3259 et
1001 3218 1096 3283 prece
1126 3195 1235 3282 populi

285 3294 430 3358 unanimi
455 3318 609 3361 consensu
632 3309 699 3361 tota
724 3298 858 3362 ecclesia
877 3297 977 3361 libere
1002 3310 1035 3362 et
1058 3298 1233 3362 secundum

282 3395 514 3461 institutionem
540 3422 698 3463 sacrorum
725 3422 881 3464 canonum
907 3400 966 3463 sibi
994 3399 1027 3463 iu
1054 3411 1175 3488 patrem
1203 3411 1235 3462 et

283 3510 441 3583 pastorem
464 3501 562 3585 elegit
582 3501 695 3579 virum,
717 3502 769 3566 cui
793 3502 856 3567 vita
885 3502 926 3567 ad
953 3503 1178 3566 conscientiam
1202 3513 1236 3563 et

283 3601 477 3686 exemplum,
492 3602 668 3667 litterarum
686 3602 823 3667 eruditio
838 3602 879 3666 ad
895 3602 1028 3664 formam
1044 3602 1129 3674 vitae‚
1145 3612 1178 3664 et
1193 3600 1234 3663 ad

281 3703 457 3768 doctrinam
471 3704 618 3769 facundia
632 3705 829 3789 suffragatur.
850 3702 977 3766 Ricard.
988 3702 1136 3766 videlicet
1149 3703 1235 3766 Can·

283 3805 448 3869 tuariensis
478 3805 621 3869 ecclesiae
658 3806 851 3869 monachum
882 3802 1018 3888 priorem
1051 3801 1234 3866 monasterii

283 3906 486 3985 Dorerensis,
506 3908 597 3991 cujus
619 3907 864 3970 sollicitudinem
887 3928 907 3969 a
931 3904 1040 3968 multis
1058 3904 1149 3967 aunis
1170 3916 1234 3968 tam

282 4006 484 4072 laudabiliter
504 4008 610 4093 gessit,
635 4019 668 4071 et
693 4007 823 4071 athletae
851 4005 968 4071 Christi
995 4005 1178 4090 proscripto,
1202 4017 1235 4069 et

283 4129 339 4191 pro
354 4108 499 4173 libertate
522 4109 666 4174 ecclesiae
686 4107 866 4192 agonizanti
881 4108 914 4170 in
931 4106 1117 4170 necessitate
1137 4105 1235 4169 fidem

284 4211 438 4288 exhibuit,
456 4224 492 4275 ut
513 4234 598 4275 nunc
620 4211 735 4294 dignus
757 4209 913 4273 habeatur
935 4209 1004 4293 ejus
1026 4206 1233 4273 successione.

285 4315 459 4398 Impetrato
484 4314 591 4399 itaque
623 4313 705 4396 regis
734 4333 863 4376 assensu
893 4310 933 4374 ad
960 4306 1236 4392 metropolitanam
