3034 5200
288 743 396 823 noa]
678 757 856 802 nrrsroua.
1197 741 1239 802 33

276 910 411 993 justitiae
430 918 498 973 rata
513 906 687 972 habueritis
707 927 782 991 quae
802 915 912 969 contra
933 902 1099 967 ecclesiam
1114 925 1235 988 praesu·

280 1021 421 1092 muntur‚
435 1009 532 1075 totius
546 1010 679 1074 malitiae
694 1009 790 1094 hujus
810 1002 934 1070 reatum
950 1005 1109 1070 incurritis
1127 1028 1232 1071 coram

283 1114 354 1178 Deo
367 1124 402 1177 et
415 1112 608 1177 bominibus.

284 1225 290 1241 ⁵
324 1218 408 1280 Haec
421 1215 541 1279 idcirco
552 1213 641 1279 vobis
654 1226 808 1298 tanquam
823 1210 905 1296 patri
917 1220 952 1274 et
966 1209 1097 1275 domino
1112 1209 1232 1275 credidi

278 1316 463 1381 familiarius
477 1314 665 1390 intimanda,
681 1335 723 1378 ne
744 1335 932 1378 consensum
948 1311 1031 1376 detis
1049 1311 1229 1399 iniquitati:

281 1418 336 1482 sed
346 1417 487 1482 animam
503 1431 639 1481 vestram
653 1414 795 1480 liberetis
806 1414 893 1501 apud
907 1415 1015 1479 Deum
1031 1429 1065 1478 et
1075 1412 1231 1477 homines.

282 1519 333 1583 De
349 1529 476 1596 caetero,
491 1517 567 1602 quia
582 1516 753 1582 Remensis
773 1516 908 1580 ecclesia
921 1515 1038 1579 dicitur
1056 1515 1097 1579 ad
1112 1514 1232 1579 curiam

281 1620 447 1706 proficisci,
458 1641 582 1705 precor,
594 1629 631 1682 ut
643 1617 800 1703 Magistro
812 1616 985 1702 Radulpho
996 1639 1053 1702 per
1067 1616 1233 1680 dominum

280 1743 397 1809 papam
412 1733 446 1786 et
456 1720 534 1786 alios
548 1721 589 1786 ab
600 1720 836 1807 archiepiscopo
847 1731 881 1784 et
895 1719 1055 1785 canonicis
1065 1718 1231 1782 decaniam

281 1824 459 1889 obtineatis.
496 1823 569 1888 Jam
587 1825 673 1888 enirn
694 1824 735 1887 de
754 1844 794 1886 eo
813 1822 961 1907 eligendo
980 1844 1084 1887 sermo
1105 1820 1232 1886 habitus

280 1938 344 1993 est:
376 1947 436 1989 nec
457 1924 553 1990 credo
574 1924 662 2011 quod
684 1923 725 1988 sit
746 1923 832 2009 apud
854 1944 908 1986 eos
930 1922 1044 2006 aliquis
1064 1920 1231 1985 litteratior

278 2040 333 2092 aut
359 2026 519 2092 honestior
547 2026 701 2105 moribus,
732 2035 789 2088 aut
820 2023 982 2088 liberalior
1009 2024 1041 2087 iu
1075 2044 1231 2108 pauperes

283 2127 409 2193 Christi.
441 2126 565 2190 Velete.

322 2509 546 2572 EPISTOLA
568 2507 743 2689 emp-AD
757 2525 940 2571 nonnarum
955 2524 1180 2570 cenomanum.

661 2627 691 2671 r.
708 2628 737 2672 o.
758 2613 865 2684 1167]

537 2769 627 2832 Idem
644 2768 771 2832 Altero
788 2768 967 2833 cardinali.

324 2899 529 2966 Vnamarum
544 2900 683 2964 libenter
696 2898 787 2963 audit
800 2899 923 2964 amicus
937 2899 1086 2977 veritatis,
1102 2911 1136 2963 et
1149 2899 1233 2965 salus

278 2998 362 3064 illius
376 2999 575 3085 desperanda
589 3011 648 3082 est,
663 3000 715 3064 cui
729 3000 849 3084 gratior
863 3012 912 3067 est
925 3001 1137 3067 fraudulentae
1152 3003 1231 3068 adu·

277 3100 404 3165 lationis
418 3100 580 3182 illecebra,
592 3122 689 3187 quam
704 3100 771 3164 veri
786 3100 920 3167 salubris
933 3102 1094 3189 asperitas.
1133 3104 1231 3169 Unde

281 3211 316 3264 et
337 3200 438 3280 vobis,
455 3222 552 3286 quem
575 3211 748 3267 amatorem
771 3202 911 3269 veritatis
933 3226 1001 3268 esse
1025 3226 1086 3269 non
1109 3205 1233 3286 dubito,

281 3299 452 3364 audentius
473 3300 587 3378 scribo,
610 3312 696 3365 ratus
717 3323 781 3365 non
803 3301 1036 3388 displiciturum
1060 3305 1146 3391 quod
1168 3312 1233 3373 Ec·

281 3401 387 3467 clesiae
403 3402 466 3466 Dei
481 3402 631 3467 noveritis
645 3403 857 3488 profuturum.
890 3404 963 3468 Scio
977 3405 1064 3469 enim
1080 3406 1113 3469 in
1129 3419 1233 3474 vestro

279 3503 436 3569 desiderio
461 3526 541 3588 esse,
563 3504 588 3569 si
611 3503 735 3570 coelitus
759 3506 870 3571 datum
893 3506 990 3570 fuerit
1007 3506 1093 3572 illius
1114 3507 1232 3574 imitari

280 3604 421 3689 vestigia,
435 3605 489 3691 qui
505 3627 562 3691 pro
577 3605 765 3671 liberatione
780 3607 849 3692 ejus
861 3608 966 3691 posuit
980 3606 1119 3671 animem
1132 3630 1232 3678 suam.

282 3705 363 3770 Haec
389 3706 422 3769 in
449 3717 604 3792 potestate
634 3708 717 3791 regis
745 3708 874 3792 Angliae
900 3707 1060 3773 colliditur
1085 3720 1118 3773 et
1143 3721 1232 3777 tanta

281 3809 435 3893 premitur
449 3809 612 3892 servitute,
627 3822 663 3875 ut
677 3811 776 3875 etiam
798 3810 994 3879 mentionem
1009 3811 1121 3877 fecisse
1136 3814 1233 3880 liber-

282 3891 364 3992 tads,
373 3910 458 3975 laesee
468 3911 642 3996 mejestatis
650 3911 796 3977 videatur
807 3934 875 3976 esse
886 3923 1001 3979 reatus.
1026 3914 1234 3999 Collegerunt

281 4010 359 4074 item
383 4012 559 4096 pontifices,
584 4021 617 4077 et
641 4012 739 4076 nostri
762 4013 914 4098 temporis
940 4013 1092 4079 Pharisaei
1118 4016 1150 4078 in
1175 4015 1232 4076 ad·

283 4123 380 4176 ventu
402 4112 556 4177 Johannis
577 4112 662 4177 illius
677 4112 809 4197 insignis
826 4113 988 4197 juratoris,
1003 4116 1185 4189 concilium,
1199 4123 1234 4175 et

181 4226 185 4231 ’
284 4212 315 4274 in
338 4234 376 4276 eo
390 4214 558 4278 consilium
580 4214 732 4293 inierunt,
748 4216 909 4300 quomodo
930 4215 1101 4298 perderent
1125 4210 1234 4275 Chris·

283 4324 352 4376 tum
379 4314 522 4392 Domini,
549 4315 841 4379 excommunicatos
865 4313 1102 4397 impoenitentes
1127 4308 1235 4375 absol-

324 4433 396 4477 vor.
412 4434 448 4478 11.
746 4436 768 4478 n
