3034 5200
320 693 380 752 108
600 707 737 752 JOANMS
753 707 1031 754 sannsssmsnsm
1172 695 1217 775 [Α.
1234 714 1264 757 n.

317 859 481 922 contineri.
528 858 594 921 Hie
617 869 723 922 autem
745 872 824 943 puto
847 863 912 942 regi
934 873 967 926 et
988 864 1036 925 illi
1057 886 1114 947 pro
1134 887 1199 948 quo
1218 866 1267 926 in-

314 959 458 1037 tercedit,
473 961 568 1023 verba
583 961 690 1043 potius
705 982 776 1025 esse
792 961 868 1025 data
884 986 980 1046 quam
999 967 1100 1040 vobis,
1117 988 1217 1049 quum
1231 967 1264 1029 in

315 1059 427 1124 litteris
450 1062 490 1124 ad
510 1082 567 1123 vos
592 1060 757 1126 destinatis
778 1076 852 1146 post
868 1067 1050 1142 consilium,
1066 1077 1140 1150 post
1154 1089 1267 1151 preces

315 1165 361 1226 rei
376 1163 540 1227 summain
557 1172 669 1227 vostrae
682 1164 883 1229 discretionis
894 1168 1059 1233 arbitrium
1075 1171 1266 1232 conseratur.

316 1265 361 1326 Et
376 1286 475 1348 quum
488 1286 546 1347 pro
561 1264 736 1327 relaxando
753 1265 882 1329 domino
906 1265 1137 1332 saresberiensi
1160 1267 1265 1331 adhuc

315 1387 428 1448 preces
439 1366 529 1429 vobis
538 1366 688 1448 porrigat,
699 1368 906 1450 perspicuum
916 1378 965 1432 est
976 1368 1064 1452 quod
1075 1370 1265 1433 sententiam

316 1468 526 1531 cardinalium
542 1476 597 1529 aut
614 1466 782 1547 ignoravit,
800 1478 856 1530 aut
878 1480 977 1532 ratam
999 1466 1179 1533 habendam
1195 1492 1266 1534 esse

317 1594 382 1635 non
414 1569 559 1634 credidit.
603 1569 647 1632 Et
669 1568 815 1652 quamvis
837 1567 964 1632 credam
987 1569 1074 1654 quod
1096 1571 1268 1654 episcopus

317 1685 391 1737 ante
400 1672 537 1735 reditum
547 1671 731 1733 nuntiorum
744 1691 872 1733 suorum
883 1671 933 1733 his
945 1671 1059 1735 litteris
1071 1693 1136 1734 non
1145 1681 1264 1735 utetur:

317 1777 368 1837 vel
385 1775 460 1856 quia
481 1773 551 1834 haec
567 1771 666 1834 forma
682 1773 803 1854 negotii
819 1774 886 1853 regi
902 1772 1104 1858 displicebit:
1128 1777 1178 1838 vel
1193 1776 1267 1859 quia

316 1873 533 1939 archidiaconi
557 1873 691 1935 consilio
710 1874 837 1957 plenius
863 1875 1023 1940 desiderat
1045 1877 1219 1954 informari,
1239 1876 1266 1939 si

316 1989 423 2041 tamen
446 1976 492 2037 eis
515 1995 591 2036 usus
612 1974 717 2051 suerit,
740 1976 837 2039 credo
859 1976 1086 2053 indubitanter,
1108 1978 1195 2060 quod
1210 1998 1265 2039 ros

317 2076 527 2162 expectabilis
561 2075 696 2139 reditum
731 2078 914 2142 nuntiorum
945 2091 1129 2153 vestromm,
1159 2090 1191 2140 et
1223 2080 1264 2141 ab

315 2180 406 2263 ipsis,
428 2188 588 2240 annuente
619 2177 771 2255 Domino,
794 2178 931 2242 audietis
956 2179 1034 2263 quid
1055 2178 1185 2261 possitis
1211 2189 1265 2242 aut

317 2280 395 2367 quid
417 2278 574 2364 expediat.
622 2278 779 2343 Oaeterum
803 2282 906 2344 nostis
921 2303 972 2349 me
988 2280 1108 2343 domini
1124 2280 1264 2344 Sarisbe-

315 2383 429 2446 riousis
457 2402 571 2444 essea
600 2382 701 2445 multo
727 2394 869 2465 tempore
896 2384 1091 2446 debitorem:
1115 2393 1148 2445 et
1173 2382 1265 2444 Deus

316 2484 405 2547 novit
427 2493 580 2566 quantum
603 2481 777 2544 infortunio
807 2482 875 2566 ejus
905 2482 1099 2565 compatiar:
1130 2478 1266 2564 ideoque

317 2584 405 2672 quod
427 2605 552 2667 semper
574 2583 646 2660 feci,
667 2592 700 2646 et
714 2597 844 2647 auctore
868 2583 1009 2646 Domino
1032 2583 1172 2647 facturus
1186 2605 1267 2657 sum,

317 2689 405 2753 omni
435 2686 605 2751 devotione
628 2687 788 2769 supplico,
811 2696 845 2750 ut
866 2686 977 2768 ipsius,
1000 2695 1152 2768 quantum
1182 2686 1268 2746 salva

316 2792 482 2854 honestate
505 2788 651 2851 ecclesia:
673 2794 705 2848 et
724 2796 836 2862 vestra,
859 2784 1012 2867 poteritis,
1033 2784 1265 2847 misereamini:

316 2914 377 2957 nec
393 2914 477 2956 ame
500 2911 652 2974 unquam,
673 2887 758 2952 aliud
782 2885 949 2950 consilium
971 2884 1115 2949 audietis.
1160 2886 1268 2958 Quum

315 2995 363 3056 illi
392 2993 541 3055 redierint
567 2992 621 3075 qui
646 2990 722 3053 hinc
749 2987 826 3052 inde
854 2987 991 3049 Romam
1022 2986 1156 3070 profecti
1182 2997 1268 3065 sunt,

317 3093 445 3157 confido
462 3090 549 3175 quod
572 3114 669 3156 causa
690 3103 797 3155 nostra
818 3089 945 3176 plenius
960 3092 1131 3169 elucescet,
1146 3098 1179 3153 et
1193 3091 1264 3152 Deo

316 3193 507 3277 propitiante
522 3193 743 3256 reformabitur
752 3194 786 3256 in
802 3202 917 3257 statum
931 3193 1104 3257 meliorem.
1148 3193 1265 3256 Precor

316 3305 422 3359 autem
449 3304 485 3355 ut
514 3314 607 3376 quam
638 3292 701 3355 cito
731 3294 893 3369 redierint,
923 3295 1000 3357 mihi
1031 3316 1088 3377 per
1116 3316 1171 3357 vos
1193 3315 1264 3376 quae

318 3394 484 3461 referenda
499 3394 670 3469 attulerint,
686 3394 897 3461 innotescant.

385 3670 603 3735 EPISTOLA
628 3671 972 3735 CCXXXVIll.-ao
993 3685 1192 3730 nsorsraun

477 3791 654 3837 armanum
672 3790 828 3835 Poenam.
877 3770 921 3849 [A.
934 3790 967 3834 o.
986 3767 1093 3847 llos]

503 3956 593 4021 Idem
609 3958 769 4038 Mapistro
785 3955 924 4017 Girardo
938 3953 1076 4018 Pucelle.

359 4098 488 4171 Dosse,
517 4092 667 4174 magister
692 4087 865 4162 carissime,
896 4101 928 4151 et
956 4088 1126 4170 plurimum
1157 4087 1264 4165 doleo,

316 4198 403 4282 quod
419 4194 615 4258 severitatem
630 4200 765 4254 vestram
781 4188 931 4253 adversus
943 4190 1107 4254 dominum
1124 4191 1263 4256 Cantus·

315 4301 460 4369 riensem,
476 4306 511 4358 ut
526 4318 568 4359 ex
583 4294 681 4358 animi
696 4291 854 4356 sententia
868 4292 992 4378 loquar,
1007 4293 1081 4376 plus
1095 4293 1184 4377 justo
1199 4308 1262 4357 tur-
