3034 5200
247 697 356 777 Ilua]
634 712 811 762 nersrone.
1142 705 1200 762 193

243 867 407 952 antiquam
433 866 665 931 institutionem
691 867 846 942 redolent,
875 865 989 951 partim
1020 866 1195 930 doctrinam

241 967 476 1031 modernorum.
522 967 604 1031 Inde
623 967 775 1054 estquod
796 967 871 1032 licet
893 969 1057 1051 antiquam
1081 966 1195 1052 pellem

241 1080 366 1132 mutare
381 1091 443 1133 non
466 1069 576 1153 possis,
594 1081 625 1134 te
644 1082 749 1134 tamen
771 1069 889 1133 litterae
903 1067 1027 1131 faciunt
1049 1066 1195 1130 insanire.

244 1168 307 1233 Sed
321 1182 358 1234 ut
378 1170 454 1236 olim
476 1171 555 1234 scire
576 1193 796 1248 consueveras,
811 1192 908 1234 sanus
930 1167 1046 1233 insanis
1069 1169 1197 1232 videtur

242 1269 391 1352 furiosus,
406 1283 438 1336 et
453 1272 549 1336 ebriis
566 1272 703 1338 lucernae
719 1270 895 1357 duplicari:
927 1284 958 1334 et
974 1270 1126 1355 frequens
1148 1283 1196 1334 est

243 1386 279 1437 ut
294 1372 437 1436 homiues
456 1373 572 1438 bestias
588 1385 713 1460 putent,
729 1384 762 1437 et
782 1384 817 1439 ut
841 1373 891 1437 sui
911 1394 974 1435 non
997 1372 1195 1436 meminerint

241 1483 297 1536 aut
314 1495 455 1536 suorum.
485 1473 581 1547 Quod
596 1487 701 1538 tamen
718 1474 778 1539 tibi
794 1474 908 1559 tuique
923 1472 1078 1537 similibus
1092 1473 1197 1559 impu·

242 1573 304 1636 tari
318 1595 382 1637 uon
397 1573 504 1654 debet,
518 1574 636 1660 quibus
654 1590 719 1640 tam
735 1587 849 1639 natura
869 1597 966 1660 qnam
983 1596 1052 1637 mos
1072 1574 1196 1660 patrius

244 1674 458 1741 ebriositatem
480 1678 608 1762 ingerit,
632 1690 669 1742 ut
691 1677 787 1741 etiam
802 1678 906 1764 jejuni
930 1677 1025 1742 sobrii
1048 1700 1114 1740 esse
1133 1699 1195 1740 non

244 1774 373 1858 possint.
396 1776 544 1841 Moribus
552 1777 635 1841 euim
646 1776 792 1841 Thebani
801 1776 885 1841 estis.
910 1777 961 1840 sic
974 1777 1196 1861 Agavedlium

242 1896 302 1960 pro
325 1877 426 1942 vitulo
450 1877 604 1955 immolat,
626 1890 659 1942 et
683 1879 822 1964 quisque
844 1876 931 1964 apud
956 1901 1012 1966 vos
1034 1901 1066 1941 se
1086 1891 1117 1942 et
1139 1902 1197 1943 sua

242 1977 396 2042 sacrificat
412 1978 548 2043 Baccho.
594 1980 678 2042 Cum
696 1979 812 2041 Cerere
833 1989 936 2041 tamen
961 1991 993 2042 et
1009 1979 1137 2043 Baccho
1159 1980 1197 2042 lis

242 2089 299 2142 est.
344 2079 406 2144 Sed
432 2083 465 2144 in
491 2079 624 2144 cervisia
649 2103 723 2165 quae
747 2079 835 2165 apud
860 2102 916 2142 vos
941 2079 1050 2156 vincit,
1074 2095 1199 2172 regnat,

241 2179 386 2264 imperat,
409 2180 562 2267 praevalet
581 2184 691 2257 Ceres,
714 2195 746 2244 et
769 2181 896 2266 ingenia
910 2192 1088 2244 vestratum
1110 2181 1195 2244 acuit

243 2291 279 2344 ut
306 2281 472 2347 Franciam
498 2295 639 2347 nostram
666 2304 832 2346 vervecum
857 2281 993 2367 patriam
1015 2281 1136 2358 credas,
1162 2297 1194 2346 et

241 2381 381 2445 Francos
405 2405 474 2446 esse
494 2404 651 2447 verveces.
698 2381 792 2459 Quod
815 2382 898 2448 unde
921 2380 981 2447 tibi
1001 2386 1033 2447 in
1055 2395 1193 2446 mentem

242 2482 362 2547 venerit
377 2484 492 2560 nescio,
501 2487 561 2549 nisi
575 2507 613 2547 ex
630 2483 785 2567 praedicta
799 2506 904 2563 causa,
917 2484 965 2548 vel
981 2484 1058 2568 quia
1070 2496 1106 2548 tu
1123 2506 1195 2547 cum

242 2595 337 2669 gente
352 2595 419 2662 tua,
434 2597 542 2650 nostra
555 2584 588 2649 id
604 2596 652 2650 est
669 2585 866 2650 Francorum
882 2609 1000 2649 cornua
1017 2587 1118 2662 times,
1137 2610 1195 2650 nos

243 2688 383 2751 Francos
396 2688 535 2753 ebriosos
549 2699 655 2774 putas,
671 2710 708 2752 ac
723 2687 748 2751 si
764 2687 880 2773 loripes
902 2700 1026 2752 rectum
1041 2687 1195 2767 derideat,

242 2786 395 2876 AEtbiops
406 2789 524 2853 album.
550 2788 612 2852 Sed
625 2789 692 2852 haec
707 2799 739 2852 et
755 2787 869 2852 similia
883 2789 1076 2854 vestratibus
1087 2787 1195 2865 licent,

241 2888 338 2954 immo
352 2902 384 2955 et
399 2890 521 2955 decent.
545 2894 596 2954 De
610 2901 723 2953 caetero
738 2889 764 2951 si
780 2889 921 2955 nondum
932 2890 1038 2954 ebrius
1053 2914 1096 2965 es,
1112 2891 1196 2953 insta

245 3005 425 3078 opportune
448 2992 630 3077 importune
661 2992 787 3055 Br'toni
816 3014 912 3077 super
940 2991 1082 3077 epistolis
1111 2993 1195 3057 beati

244 3093 445 3178 Hieronymi,
468 3110 500 3159 et
515 3094 606 3158 latori
629 3094 834 3179 praesentium
849 3118 946 3179 quam
970 3096 1087 3180 poteris
1103 3119 1194 3182 opem

242 3191 325 3256 feras
341 3190 435 3255 salvis
448 3193 705 3278 proprietatibus.
751 3194 870 3259 Valete.

239 3499 459 3566 EPISTOLA
481 3502 814 3568 commu-An
828 3520 1027 3567 mamertum
1043 3523 1194 3568 onoueu.

612 3604 658 3683 [a.
676 3623 707 3666 n.
727 3604 836 3682 llos]

519 3764 543 3824 I
541 3763 611 3825 dem
626 3762 789 3845 Mupistro
806 3761 920 3840 Odoni.

178 3889 181 3896 ⁸
282 3898 336 3961 An
347 3896 433 3961 exilii
448 3907 480 3959 et
490 3893 730 3981 proscriptionis
739 3917 818 3958 meae
829 3892 995 3957 cumulum
1011 3892 1091 3958 nihil
1107 3917 1191 3958 acer-

242 3997 314 4061 bius
325 4000 431 4083 potuit
446 3996 622 4072 accessisse,
635 4015 730 4079 quam
746 4007 783 4059 ut
799 3995 877 4058 mihi
893 3994 1101 4060 subtrahatur
1117 3994 1196 4057 sola-

242 4097 325 4161 tium
339 4098 513 4174 literarum,
523 4120 597 4184 quse
613 4108 776 4181 praeeunte
791 4096 894 4179 gratia
905 4107 1041 4159 mentem
1055 4106 1195 4179 purgant

243 4196 373 4274 avitiis,
390 4200 506 4263 notitia
527 4197 670 4262 veritatis
691 4196 865 4272 illustrant,
887 4193 1064 4258 accendunt
1084 4193 1196 4257 carita-

241 4309 317 4370 tem,
334 4312 366 4361 et
381 4299 532 4364 exercitio
547 4302 596 4365 sui
611 4300 744 4364 virtutes
768 4296 933 4361 stabiliunt
949 4309 981 4360 et
999 4294 1194 4360 confirmant.

286 4418 357 4464 vot.
375 4418 411 4462 11.
706 4421 725 4460 ο
