3034 5200
294 698 335 756 40
559 706 696 752 Joannrs
712 704 991 750 sannsannmnsn
1146 687 1191 766 [a.
1209 707 1240 750 n.

292 863 412 926 tionem
427 858 508 943 spei,
518 859 559 923 ad
576 859 741 923 tuitionem
756 857 922 936 libertatis,
930 857 970 920 ad
982 857 1107 920 virtutis
1121 858 1243 940 prosec-

292 973 371 1040 tum,
386 959 472 1045 quod
488 961 521 1023 in
538 969 568 1024 te
580 959 746 1043 praecessit
760 958 920 1022 felicitatis
931 960 1126 1042 exemplum.
1160 959 1245 1021 Feli·

291 1063 361 1127 cius
380 1072 487 1126 tamen
508 1072 622 1145 reputo
645 1060 731 1144 quod
754 1081 797 1123 ex
818 1079 924 1123 amoro
947 1061 1186 1142 possessionum
1213 1072 1245 1123 et

291 1164 443 1229 facilitate
458 1175 491 1227 et
510 1163 684 1226 temeritate
701 1161 833 1247 jurandi
854 1162 989 1245 primam
1010 1161 1108 1224 fidem
1125 1161 1241 1224 irritam

291 1288 357 1329 non
368 1266 481 1344 fecisti,
494 1285 586 1349 quam
601 1263 688 1346 quod
699 1285 805 1327 rernm
816 1263 1010 1346 compendia
1020 1264 1241 1346 temporalium

290 1378 480 1451 assequutus
494 1387 528 1430 es
543 1386 602 1449 pro
617 1374 691 1429 voto
706 1365 882 1429 amicorum
897 1375 929 1428 et
944 1365 1056 1428 merito
1071 1377 1135 1427 tuo.
1177 1365 1241 1427 Pro

290 1470 404 1532 merito
425 1489 501 1533 sane
523 1467 673 1545 dixerim,
692 1467 836 1550 quamvis
858 1476 944 1529 certo
966 1465 1084 1530 certius
1107 1475 1242 1542 constet,

290 1571 383 1654 plura
404 1581 437 1634 et
448 1571 546 1652 longe
566 1569 687 1654 majora
702 1581 735 1631 et
749 1569 888 1632 clariora
902 1568 966 1631 tuis
988 1568 1097 1631 deberi
1111 1566 1242 1631 meritis.

291 1671 372 1742 Quae
381 1669 594 1754 proculdubio
608 1669 732 1744 reddet,
744 1669 801 1751 qni
809 1668 971 1731 neminem
983 1670 1023 1732 ab
1033 1668 1125 1731 initio
1135 1667 1244 1731 fefellit

290 1770 492 1847 creditorum,
508 1779 540 1831 et
553 1789 734 1831 mensuram
750 1769 945 1849 coagitatam
967 1779 1000 1830 et
1013 1768 1243 1851 supereffluen-

291 1882 353 1933 tem
369 1867 509 1932 refundit
522 1867 555 1929 in
574 1866 820 1951 promerentium
843 1867 942 1929 sinus.
987 1868 1106 1950 Liquet
1120 1890 1194 1950 ergo
1208 1869 1243 1930 in

291 1981 321 2033 te
338 1969 414 2053 quia
426 1968 527 2045 Deus,
539 1966 595 2050 qui
609 1965 746 2028 inaniter
756 1965 966 2046 gloriantibus
978 1966 1105 2043 resistit,
1117 1966 1245 2028 humili·

290 2070 352 2131 bus
367 2067 422 2131 dat
438 2066 581 2148 gratiam,
598 2075 630 2128 et
643 2062 739 2147 juxta
756 2064 946 2146 apostolum,
962 2065 1017 2147 qui
1033 2086 1067 2128 se
1082 2061 1243 2127 existimat

290 2167 410 2252 aliquid
423 2188 505 2243 esse,
517 2187 615 2250 quum
627 2165 708 2228 nihil
720 2164 770 2243 sit,
784 2163 923 2246 seipsum
937 2187 1074 2248 semper,
1083 2164 1242 2229 interdum

291 2290 364 2332 vero
380 2268 507 2332 seducit
520 2278 551 2330 et
566 2266 657 2330 alios.

333 2371 416 2442 Quia
431 2390 506 2449 ergo
522 2369 747 2453 Deopropitio
767 2369 968 2451 naufragium
982 2372 1120 2444 evasisti,
1136 2370 1242 2435 adhuc

288 2473 323 2535 in
349 2473 415 2536 alto
444 2471 681 2552 navigantibus,
706 2481 738 2534 et
764 2492 838 2535 cum
864 2473 956 2537 Petro
981 2473 1242 2556 naufragantibus

290 2595 385 2659 qnam
400 2581 494 2656 potes
509 2593 603 2656 opem
618 2573 700 2637 ferre
717 2573 909 2653 memineris,
924 2584 956 2639 et
969 2596 1105 2657 agonem
1122 2574 1241 2640 Christi

284 2674 504 2759 juvare,nuno
520 2674 700 2737 orationum
715 2675 879 2755 suffragio,
891 2695 977 2738 nunc
991 2685 1115 2738 tuarum
1126 2674 1241 2737 solatio

289 2777 459 2849 literarum.
505 2775 537 2837 H
542 2795 589 2838 aec
604 2771 688 2837 enim
704 2757 779 2835 sunt¹
795 2772 842 2847 (ut
857 2772 992 2837 dixerim
1012 2772 1100 2856 quod
1114 2771 1156 2836 ad
1177 2775 1240 2851 me)

291 2878 409 2961 quibus
423 2875 562 2939 maxime
577 2875 767 2956 indigemus.
805 2874 877 2954 Ego
893 2872 979 2936 enim
994 2895 1052 2958 per
1065 2873 1243 2937 misericor·

290 2977 375 3041 diam
405 2978 470 3040 Dei
499 2977 726 3059 temporalibus
755 2974 896 3053 abundo,
917 2986 953 3039 ut
976 2976 1110 3040 formam
1135 2975 1243 3058 potius

290 3078 405 3140 habere
421 3076 531 3139 videar
546 3078 688 3139 florentis
707 3077 741 3139 in
765 3076 869 3161 patria
883 3098 980 3162 quam
997 3078 1104 3142 exulis
1118 3088 1151 3143 et
1171 3100 1243 3162 pro·

290 3177 411 3259 scripti.
457 3176 634 3240 Dominum
662 3177 925 3243 Cantnariensem
951 3181 1244 3245 Christianissimus

290 3298 349 3340 rex
370 3277 564 3339 Francorum
586 3274 723 3339 Senonis
743 3278 878 3342 exbibet
894 3282 983 3362 regia
1003 3283 1243 3365 magnificentia

290 3380 324 3441 in
340 3378 490 3440 Ecclesia
504 3378 606 3440 beatae
623 3374 805 3441 Columbae:
830 3401 967 3464 eumque
981 3384 1015 3445 in
1031 3386 1181 3447 omnibus
1196 3384 1242 3447 sic

292 3488 458 3542 veneratur
472 3489 504 3542 et
520 3479 608 3556 colit,
617 3487 652 3542 ut
664 3475 826 3543 Christum
838 3483 971 3547 Domini
983 3485 1104 3549 deceta
1115 3485 1243 3548 Christo

292 3580 451 3644 honorari.
496 3579 613 3643 Eidem
635 3601 763 3664 quoque
786 3580 973 3649 fidelissimo
995 3585 1140 3669 principi,
1161 3586 1244 3648 sicut

291 3682 362 3764 ipse
377 3682 503 3756 fatetur,
515 3681 611 3765 pauci
625 3681 773 3746 videntur
787 3682 867 3762 dies,
877 3697 910 3749 et
924 3687 1012 3770 parvi
1023 3698 1167 3769 sumptus
1179 3706 1243 3769 prce

292 3782 408 3846 amoris
430 3783 661 3864 magnitudine,
676 3804 758 3867 quos
778 3787 954 3850 sacerdotis
972 3787 1092 3851 Christi
1111 3795 1144 3849 et
1165 3808 1241 3870 apo·

293 3883 397 3948 stolici
422 3882 480 3944 viri
503 3882 659 3964 impendit
680 3885 852 3968 obsequiis.
899 3885 1016 3950 Sedet
1040 3886 1135 3950 fidem
1162 3888 1241 3972 ejus,

293 3985 379 4071 quod
395 3979 472 4047 satis
486 3983 647 4046 humiliter
661 3986 775 4048 recolit
795 3986 957 4069 condigna
972 3986 1117 4050 mercede
1139 4009 1240 4051 remu-

292 4096 383 4152 nerat
404 4087 505 4164 Deus,
522 4084 614 4169 cujus
637 4087 776 4149 muneris
799 4100 857 4165 cst,
871 4099 907 4150 ut
928 4090 996 4152 sinc
1016 4109 1126 4152 cruore
1148 4101 1181 4152 et
1196 4099 1244 4153 tu·

294 4191 397 4254 multu
422 4189 454 4250 in
479 4185 585 4250 medio
609 4187 750 4250 hostium
774 4189 905 4271 degens,
928 4199 959 4253 et
983 4201 1185 4273 prosperetur
1209 4193 1243 4255 in

295 4290 453 4366 omnibus,
469 4299 502 4353 et
517 4288 603 4373 quod
619 4289 796 4354 maximnm
811 4300 944 4375 reputat,
961 4301 1082 4355 ametur
1097 4305 1128 4357 et
1143 4293 1243 4358 hono·
