3034 5200
287 711 349 770 256
548 720 683 766 rosnurs
700 717 979 764 sannsunurnusrs
1150 699 1194 778 [Α.
1211 717 1242 761 p.

291 873 410 939 Christi
434 870 684 947 crucifixoribus,
707 869 763 955 qui
786 869 856 954 ejus
879 890 983 944 crura,
1005 891 1102 955 quem
1125 868 1241 933 obiisse

290 976 445 1048 viderant,
461 972 544 1037 sicut
559 971 664 1034 adhuc
687 969 874 1050 viventium,
888 990 950 1032 non
970 979 1160 1034 censuerunt
1176 990 1243 1031 esse

289 1074 473 1161 frangenda.
520 1073 582 1136 Sed
605 1072 637 1136 in
660 1070 710 1135 his
732 1071 882 1135 omnibus
907 1070 1103 1136 cruciatibus
1130 1067 1241 1134 invicti

288 1178 386 1243 animi
404 1189 436 1241 et
457 1175 654 1240 admirandae
676 1173 861 1263 constantiae
884 1186 1007 1259 martyr
1028 1196 1085 1237 nec
1110 1171 1241 1235 verbum

288 1279 435 1368 protulit,
457 1301 514 1342 nec
540 1277 706 1341 clamorem
731 1276 847 1353 emisit,
869 1298 927 1339 nec
949 1274 1050 1339 edidit
1074 1271 1241 1358 gemitum,

288 1406 346 1447 nec
361 1380 523 1445 brachium
540 1390 596 1443 aut
612 1390 731 1442 vestem
747 1379 898 1463 opposuit
919 1377 1059 1454 ferienti,
1074 1375 1128 1441 sed
1144 1386 1241 1460 caput

287 1485 382 1549 inclin
393 1480 577 1569 rtum,quod
586 1481 1037 1566 gladiisexposuerat,virtute
1047 1477 1243 1555 admiranda,

289 1588 390 1652 donec
406 1598 691 1662 consummaretur,
707 1584 835 1649 tenebat
857 1582 1041 1647 immobile:
1065 1595 1097 1647 et
1113 1580 1241 1647 tandem

288 1690 451 1753 interram
474 1685 641 1773 procidens
663 1699 751 1751 recto
773 1706 905 1770 corpore
926 1707 988 1748 non
1008 1684 1121 1772 pedem
1141 1683 1242 1746 movit

288 1803 345 1855 aut
361 1811 501 1853 manum.

332 1890 504 1958 Carnifices
519 1902 637 1968 autem,
652 1911 714 1952 uon
731 1889 836 1953 minus
850 1887 958 1974 cupidi
974 1911 1070 1974 quam
1086 1885 1243 1960 crudeles,

288 1990 364 2055 inde
379 2003 443 2054 tam
467 1989 498 2052 in
523 1989 619 2075 regiae
634 1989 799 2074 potestatis
819 2012 915 2075 quam
939 1987 1055 2054 dirinae
1072 1985 1244 2075 majestatis

287 2091 438 2177 injuriam
458 2088 498 2152 ad
522 2088 659 2153 ecclesiae
682 2088 836 2174 palatium
860 2088 1039 2166 redeuntes,
1063 2091 1243 2154 universam

287 2189 514 2278 supellectilem
530 2201 561 2253 et
578 2189 730 2275 quicquid
746 2189 779 2252 in
796 2190 921 2255 scriniis
932 2207 989 2256 aut
999 2191 1125 2257 clitellis
1139 2189 1242 2254 archi-

287 2291 428 2380 episcopi
442 2302 474 2354 et
491 2312 619 2354 suorum
642 2291 749 2377 potuit
763 2291 909 2368 inveniri,
930 2292 1042 2357 sivein
1062 2316 1153 2370 auro,
1176 2292 1241 2356 sive

288 2396 319 2459 in
343 2411 486 2479 argento,
511 2406 566 2457 aut
590 2393 732 2458 vestibus
753 2408 810 2459 aut
834 2397 928 2460 variis
949 2395 1153 2470 ornamentis,
1182 2404 1240 2457 aut

288 2497 390 2575 libris,
405 2509 461 2560 aut
476 2495 662 2582 privilegiis,
678 2509 734 2561 aut
749 2497 819 2563 aliis
833 2500 1092 2586 quibuscumque
1102 2496 1239 2583 scriptia,

289 2608 345 2664 aut
360 2595 563 2684 equitaturis,
584 2597 756 2664 insatiabili
779 2601 913 2665 avaritia
927 2613 959 2665 et
979 2601 1138 2687 stupendo
1160 2621 1241 2662 ausu

289 2700 483 2787 diripientes,
507 2722 556 2776 ea,
572 2711 609 2763 ut
632 2700 739 2778 libuit,
762 2701 846 2765 inter
861 2724 893 2764 se
915 2701 1112 2766 diviserunt:
1127 2700 1242 2765 'imita-

289 2816 372 2868 tores
387 2825 495 2866 eorum
512 2801 588 2865 facti
604 2806 659 2887 qui
675 2802 758 2868 inter
778 2827 811 2867 se
826 2803 947 2870 Christi
967 2805 1154 2869 vestimenta
1168 2825 1241 2889 par·

288 2906 340 2972 titi
357 2918 449 2969 sunt:
475 2905 547 2969 licet
562 2927 616 2967 eos
631 2905 868 2990 quodammodo
879 2907 1058 2993 praecedant
1071 2908 1104 2970 in
1116 2906 1240 2971 scelere.

289 3013 346 3085 Et,
360 3023 395 3073 ut
406 3007 547 3094 pontifici
558 3008 627 3092 jam
639 3030 696 3093 per
711 3008 899 3094 martyrium
914 3023 1064 3074 coronato
1075 3008 1240 3074 hominum

288 3111 392 3197 gratia
407 3111 597 3184 auferretur,
614 3110 718 3173 omnia
731 3112 849 3197 scripta
864 3136 938 3196 quae
951 3112 1121 3198 sacrilegus
1131 3110 1243 3198 praedo

290 3212 456 3298 surripuit,
471 3212 511 3275 ad
527 3234 634 3297 regem
649 3212 683 3275 iu
699 3216 928 3277 Normanniam
951 3215 1131 3279 transmissa
1155 3225 1238 3277 sunt.

291 3312 353 3377 Sed
369 3322 451 3374 nutu
468 3311 575 3374 divino
591 3313 723 3396 contigit
739 3315 835 3399 quod,
860 3329 982 3401 quanto
997 3317 1098 3403 magis
1112 3316 1241 3381 athletae

288 3411 451 3478 fortissimi
474 3411 606 3496 gloriam
622 3413 778 3479 offuscare
799 3417 962 3481 nitebatur
983 3418 1123 3483 humana
1145 3432 1242 3483 teme-

289 3516 376 3594 ritas,
399 3524 488 3577 tanto
510 3536 580 3577 eam
600 3513 737 3599 amplius
759 3516 919 3581 Dominus
939 3517 1112 3583 illustraret
1134 3532 1241 3583 osten-

289 3617 374 3683 sione
404 3615 544 3696 virtutis,
572 3628 605 3681 et
642 3614 864 3682 miraculorum
900 3618 1074 3685 manifestis
1102 3619 1237 3685 indiciis.

289 3720 381 3801 Quod
413 3719 472 3783 viri
494 3719 596 3806 impii,
619 3718 676 3806 qui
698 3741 772 3783 eum
794 3718 1015 3785 insatiabiliter
1035 3721 1168 3787 oderant
1194 3722 1240 3786 in-

288 3836 424 3897 tuentes
454 3820 661 3887 inhibuerunt
685 3822 811 3897 nomine
832 3823 971 3909 publicae
999 3827 1177 3911 potestatis,
1200 3848 1239 3888 ne

287 3925 439 3993 miracula
450 3949 524 4011 quae
533 3924 652 3989 fiebant
665 3924 833 4011 quisquam
846 3926 1011 4011 publicare
1021 3940 1238 4013 praesumeret.

289 4031 463 4103 Caeterum,
492 4026 612 4091 frustra
637 4026 711 4111 quis
736 4026 924 4091 obnubilare
953 4027 1122 4105 desiderat,
1150 4028 1240 4115 quod

287 4134 376 4194 Deus
396 4127 566 4193 clarificare
581 4126 731 4213 disponit.
777 4129 828 4191 Eo
850 4132 934 4194 enim
954 4130 1092 4218 amplius
1114 4156 1238 4219 percre-

288 4231 386 4296 buere
396 4231 562 4307 miracula,
570 4254 635 4316 quo
647 4229 837 4296 videbantur
845 4231 950 4318 impiis
962 4233 1123 4300 studiosus
1133 4235 1241 4300 occul-

288 4333 393 4399 tanda.
440 4336 548 4397 Homo
565 4332 648 4397 ridet
663 4333 695 4396 in
711 4332 802 4411 facie,
819 4333 904 4399 solus
917 4340 1007 4401 Deus
1018 4350 1065 4402 est
1080 4337 1137 4422 qui
1151 4359 1239 4401 renes
