3034 5200
282 724 392 802 itta]
665 741 843 787 EPISTOLAE.
1166 734 1227 792 285

278 914 388 957 census
403 909 450 955 est
466 892 496 953 in
513 891 607 955 corde
623 893 703 976 ejuS,
719 915 847 955 manum
865 914 953 955 suam
970 893 1104 958 libenter
1127 900 1227 981 aperit

278 994 375 1077 inopi,
391 993 610 1057 liberalitatem
634 992 812 1076 gaudenter
830 1007 966 1072 exercet,
981 1008 1013 1058 et
1035 998 1227 1061 exteriorum

278 1094 520 1158 sollicitudinem
539 1094 741 1157 laudabiliter
757 1094 966 1157 administrat.
1012 1096 1097 1172 Quid
1114 1097 1229 1160 mirum

278 1219 354 1278 ergo
370 1197 394 1260 si
410 1198 441 1259 iu
459 1208 582 1260 tantum
596 1209 627 1259 et
645 1197 738 1260 talem
753 1199 855 1259 virum
871 1197 1009 1260 universi
1025 1197 1230 1262 libentissime

278 1313 505 1374 convenerunt,
532 1302 588 1383 qui
616 1300 709 1361 etiam
742 1298 912 1383 rapiendus
941 1300 1058 1376 fuerat,
1085 1301 1109 1363 si
1140 1300 1231 1365 aliter

279 1401 388 1464 haberi
404 1424 467 1462 non
484 1404 615 1485 posset?
653 1403 761 1476 Quum
784 1424 860 1484 ergo
883 1402 979 1465 libere
1001 1415 1033 1465 et
1056 1405 1230 1467 secundum

279 1503 509 1566 institutionem
534 1526 692 1566 sacrorum
716 1526 871 1567 canonum
892 1505 1004 1568 fuisset
1026 1505 1138 1570 electio
1161 1508 1231 1591 ejus

280 1605 448 1675 celebrata,
466 1605 573 1687 regius
598 1607 647 1686 (ut
664 1627 732 1668 mos
747 1606 808 1686 est)
833 1606 963 1669 accessit
985 1630 1145 1671 assensus:
1176 1607 1230 1670 eli-

280 1719 390 1787 gentes
405 1724 621 1790 prosequutus
633 1719 680 1769 est
696 1705 809 1790 plenus
820 1706 928 1768 favore
940 1707 1068 1785 clamor,
1079 1721 1111 1770 et
1123 1708 1232 1771 debita

283 1806 377 1869 laude
400 1805 461 1869 Dei
479 1819 545 1870 tota
561 1809 655 1891 caepit
678 1806 808 1870 ccclesia
832 1807 993 1870 resultare.
1040 1807 1093 1870 Ad
1117 1822 1232 1872 metro·

282 1908 455 1992 politanam
480 1907 584 1971 sedem
601 1931 672 1970 cum
690 1907 790 1972 electo
812 1909 1017 1993 provinciales
1038 1911 1179 1995 episcopi
1201 1925 1232 1973 et

282 2009 414 2073 aliarum
437 2010 639 2072 ecclesiarum
662 2009 753 2073 electi
777 2009 895 2094 pariter
917 2024 1134 2084 accesserunt;
1175 2035 1234 2097 pro

280 2110 343 2174 ritu
366 2113 471 2195 gentis
494 2125 525 2174 et
549 2113 704 2196 majorum
732 2112 960 2175 consuetudine
984 2112 1163 2176 solemniter
1185 2116 1232 2176 in-

281 2211 480 2275 thronizatus
502 2226 558 2275 est.
606 2215 709 2276 Grata
732 2213 813 2290 Deo,
828 2224 860 2274 et
883 2213 923 2276 ab
946 2212 1128 2276 hominibus
1150 2213 1232 2276 desi·

280 2313 391 2377 derata
419 2314 520 2398 ipsius
549 2315 689 2377 instabat
719 2312 924 2383 consecratio,
954 2337 1054 2399 quum
1086 2338 1155 2377 ecce
1191 2337 1232 2377 ex

283 2415 456 2500 improviso
482 2415 597 2478 litterae
625 2415 708 2498 regis
729 2415 867 2501 junioris
893 2437 1005 2479 nomen
1031 2421 1233 2501 praeferentes

283 2517 416 2601 prolatae
434 2530 519 2592 sunt,
535 2518 652 2604 quibus
668 2518 904 2602 protestabatur
926 2541 957 2579 se
980 2517 1155 2604 appellasse
1177 2518 1233 2581 ad-

283 2641 390 2681 versus
406 2617 572 2681 electiones
595 2642 667 2702 quae
684 2642 776 2682 suurn
801 2642 861 2681 uon
886 2619 1039 2683 haberent
1062 2641 1232 2684 assensum.

283 2720 417 2784 Litterae
433 2720 561 2805 quidem
575 2743 614 2782 ex
628 2720 721 2784 variis
738 2724 841 2783 causis
856 2735 886 2783 et
904 2720 1121 2805 probabilibus
1137 2720 1234 2803 signis

282 2821 497 2904 arguebantur
520 2834 684 2904 suspectat,
701 2821 810 2905 eisque
826 2820 920 2883 fidem
945 2842 1006 2881 non
1030 2843 1095 2882 esse
1117 2820 1234 2882 haben-

284 2921 357 2983 dam
382 2935 450 2983 erat
474 2922 627 2983 sententia
649 2920 873 3004 plurimorum,
894 2923 1067 3005 prasertim
1091 2920 1122 2982 in
1147 2934 1236 2984 tanto
1274 2922 1281 2954 ³

282 3022 470 3100 discrimine,
489 3023 542 3084 ubi
558 3023 687 3086 libertas
704 3022 808 3106 potuit
824 3022 993 3106 periclitari
1010 3037 1040 3085 et
1057 3023 1232 3086 animarum

283 3130 377 3202 salus,
393 3139 423 3187 et
439 3126 576 3187 ecelesiae
592 3126 740 3210 protelari
756 3126 921 3205 desolatio,
936 3140 966 3189 et
984 3148 1086 3189 rerum
1106 3126 1235 3209 jactura

283 3225 503 3310 irreparabilis.
565 3227 685 3288 Causas
715 3249 897 3289 enumerare
928 3226 1056 3309 longum
1092 3242 1150 3306 est,
1180 3227 1235 3290 sed

285 3326 397 3411 utique
425 3349 482 3411 pro
506 3351 579 3411 rege
605 3328 660 3389 illo
687 3330 836 3412 praesumi
863 3328 1027 3408 debuerat,
1050 3330 1136 3414 quod
1164 3353 1235 3393 cum

284 3427 424 3514 periculo
441 3452 498 3492 suo
514 3445 544 3492 et
559 3430 724 3513 temporali
737 3431 923 3495 aemulorum
938 3434 1127 3517 compendio
1140 3434 1236 3496 nollet

283 3530 442 3594 ecclesiam
460 3531 580 3595 diutius
596 3533 759 3616 captivari.
806 3533 866 3594 Sed
884 3532 957 3595 licet
973 3534 1106 3618 prafatae
1122 3534 1237 3596 litterae

283 3632 525 3717 sapientioribus
554 3656 613 3695 non
642 3637 747 3715 magni
773 3634 954 3696 viderentur
980 3656 1046 3694 esse
1074 3635 1238 3731 momenti,

283 3734 322 3796 ‹le
346 3734 525 3797 humilitate
548 3751 651 3797 tamen
676 3748 707 3797 et
731 3735 900 3798 devotione
922 3734 1021 3818 ipsius
1044 3733 1134 3796 electi
1162 3759 1235 3819 pro-

284 3837 386 3913 cessit,
402 3835 487 3901 etde
503 3835 656 3897 fidelitate
673 3860 768 3919 qnam
786 3850 891 3920 patres
907 3849 938 3897 et
957 3836 1090 3919 majores
1113 3852 1238 3903 nostros

285 3938 324 4001 ad
342 3938 502 4001 ecclesiam
522 3938 697 4001 Romanam
715 3961 837 4023 semper
854 3938 999 3999 babuisse
1016 3938 1191 4016 recolimuS,
1206 3956 1237 4005 et

287 4038 326 4100 de
342 4061 513 4122 paucorum
532 4038 662 4101 consilio
681 4054 714 4103 ut
732 4063 789 4124 pro
806 4039 980 4102 reverentia
995 4039 1129 4100 nominis
1142 4046 1239 4105 vestri

286 4142 476 4201 consecratio
493 4139 684 4201 differretur.
732 4141 901 4223 Speremus
919 4138 1002 4199 enim
1018 4136 1237 4202 indubitanter

288 4237 376 4324 quod
407 4250 495 4301 tanto
525 4241 673 4321 majorem
705 4240 842 4303 inveniet
873 4240 903 4300 in
934 4239 1034 4301 oculis
1064 4239 1237 4305 clementiae

289 4357 399 4403 vestrae
426 4341 594 4404 necessitas
625 4341 763 4405 eeclesiae
796 4354 910 4405 nostrae
941 4340 1088 4424 gratiam,
1116 4358 1237 4425 quanto
