3034 5200
295 702 402 782 llos]
678 720 856 764 sessione.
1187 711 1248 771 lar

293 872 349 937 sed
365 871 476 935 faciem
498 870 581 956 regis
597 868 704 933 videre
725 892 788 933 non
812 870 938 948 meruit,
959 872 1019 938 nisi
1039 885 1111 938 ante
1132 875 1247 939 securi-

293 987 390 1038 tatem
417 972 602 1058 praestiterit
629 971 717 1059 quod
749 972 1017 1054 Pictaviensibus,
1040 987 1073 1040 et
1098 977 1247 1042 omnibus

291 1077 347 1162 qui
370 1075 438 1160 regi
453 1075 674 1151 adhaeserunt,
691 1095 799 1160 pacem
823 1087 854 1139 et
878 1075 1024 1140 universa
1047 1076 1154 1142 ablata
1173 1101 1246 1142 cum

290 1177 474 1261 integritate
510 1175 676 1240 restituet:
715 1189 851 1261 excepto
887 1177 974 1262 quod
1008 1201 1071 1243 uon
1101 1191 1248 1243 teneatur

291 1277 553 1355 Pictaviensibus,
584 1277 667 1341 sicut
696 1300 754 1341 nec
784 1278 813 1340 ei
851 1277 1075 1361 Pictavieuses,
1105 1294 1247 1345 mortuos

291 1379 454 1455 suscitare,
483 1378 531 1441 vel
565 1400 652 1442 casas
682 1377 875 1444 reaedilicare
905 1381 1096 1446 combustas.
1154 1386 1248 1448 Hanc

291 1504 368 1565 ergo
397 1480 462 1543 fide
493 1479 699 1565 corporaliter
723 1480 800 1546 data
824 1481 975 1567 praestitit
1001 1483 1191 1566 cautionem,
1215 1497 1246 1550 et

292 1582 380 1668 quod
396 1582 475 1646 alios
489 1582 639 1646 articulos
655 1582 740 1668 pacis
755 1583 844 1668 apud
864 1585 1061 1649 Suessionem
1084 1586 1247 1672 dispositae

292 1683 432 1746 fideliter
446 1681 638 1746 observabit.
684 1682 757 1744 Hoc
772 1682 879 1766 ipsum
895 1682 990 1748 simili
1006 1685 1100 1748 modo
1115 1700 1246 1751 cautum

292 1797 340 1848 est
355 1808 374 1847 a
389 1785 572 1870 proceribus
587 1783 665 1868 ejus.
712 1786 863 1848 Proceres
884 1798 991 1850 autem
1009 1787 1154 1851 Franciae
1169 1787 1198 1852 ei
1214 1811 1247 1852 se

292 1887 355 1950 lide
380 1886 613 1972 obligaverunt,
639 1883 728 1972 quod
754 1908 810 1949 rex
838 1887 991 1963 Franciae,
1015 1888 1040 1951 si
1067 1888 1127 1952 sibi
1152 1903 1247 1976 pacta

294 1987 440 2075 superius
456 1988 560 2074 posita
571 1999 603 2051 et
616 1987 681 2050 suis
693 1999 818 2050 servata
829 1986 961 2068 fuerint,
971 2003 1246 2075 praemonstratam

293 2089 378 2173 pacis
407 2087 589 2153 observabit
619 2087 844 2162 conditionem,
875 2101 1009 2174 excepto
1035 2090 1123 2174 quod
1148 2089 1245 2154 filiam

292 2213 378 2254 suam
396 2213 457 2253 non
474 2189 630 2255 consentit
643 2189 784 2253 Ricardo
799 2188 957 2254 destinato
972 2189 1048 2254 duci
1064 2192 1247 2277 Aquitaniae

291 2293 323 2356 in
351 2293 588 2356 matrimonium
616 2291 779 2356 collocare.
830 2292 904 2356 Hoc
928 2304 1034 2356 tamen
1060 2293 1100 2357 de
1128 2294 1247 2360 Tolosa

291 2416 477 2481 expressum
501 2406 561 2463 est,
586 2393 684 2478 quod,
711 2395 737 2456 si
762 2393 921 2457 Ricardus
943 2394 984 2458 de
1005 2395 1120 2459 comite
1145 2397 1245 2462 sancti

293 2494 404 2579 Egidii
431 2494 491 2557 sibi
517 2493 645 2578 petierit
669 2494 830 2580 justitiam
856 2495 1010 2572 exhiberi,
1035 2519 1094 2561 rex,
1118 2520 1245 2562 causam

292 2595 442 2661 tractabit
459 2594 585 2683 judicio
604 2595 699 2661 curiae
720 2619 797 2662 suae.
843 2600 925 2671 Quae
946 2621 1047 2684 quum
1062 2601 1131 2684 regi
1147 2602 1248 2665 Fran-

289 2723 400 2765 corum
426 2698 527 2763 relata
552 2698 686 2764 fuissent
714 2722 754 2762 ex
781 2699 903 2775 ordine,
928 2701 1084 2766 consensit
1110 2716 1148 2766 ut
1170 2725 1243 2767 cum

289 2825 362 2888 rege
395 2800 578 2886 Anglorum
612 2800 763 2886 loquatur
795 2800 964 2865 Dominica
992 2802 1140 2887 proxima
1172 2816 1245 2885 post

290 2905 512 2979 ascensionem,
523 2916 555 2968 et
568 2902 743 2967 secundum
760 2901 931 2987 praedictas
942 2903 1138 2969 conditiones
1148 2904 1244 2971 faciat

290 3029 410 3091 pacem.
456 3005 517 3068 Sed
543 3005 756 3069 Pictavienses
779 3006 808 3067 ei
835 3017 945 3089 postea
970 3006 1134 3092 conquesti
1157 3020 1243 3086 sunt,

290 3106 378 3191 quod
395 3128 451 3167 rex
464 3106 592 3189 Angliae
607 3129 660 3169 eos
675 3104 858 3169 transmisso
872 3108 1015 3172 exercitu
1027 3110 1245 3195 expugnabat,

291 3207 369 3270 dum
385 3205 481 3268 verba
497 3204 673 3270 concordiae
694 3216 926 3272 tractarentur:
949 3209 1122 3273 exercitum
1138 3223 1244 3275 tamen

291 3307 502 3386 confecerant,
517 3322 549 3372 et
565 3308 677 3373 ducem
700 3308 770 3392 ejus
789 3307 935 3373 comitem
957 3311 1132 3376 Patricium
1147 3316 1244 3379 inter-

289 3410 440 3487 fecerant,
468 3410 522 3474 sed
549 3410 652 3474 iuviti.
699 3410 796 3474 Unde
818 3433 875 3474 rex
899 3412 1042 3477 Francus
1069 3414 1243 3499 plurimum

290 3524 396 3577 motus
411 3523 470 3593 est,
485 3512 539 3576 sed
562 3536 601 3576 an
625 3512 685 3576 hoc
708 3513 864 3597 impedire
880 3535 989 3598 pacem
1005 3516 1104 3598 possit
1120 3519 1243 3599 ignoro,

289 3613 362 3678 licet
377 3637 449 3677 eum
467 3614 620 3699 poeniteat
637 3616 681 3678 sic
696 3614 901 3678 consensisse.

332 3717 493 3780 Caeterum
510 3715 712 3802 aliquatenus
731 3715 884 3780 inductus
899 3715 961 3778 fuit
976 3717 1243 3802 contemplatione

288 3817 577 3900 devotionis,quam
589 3839 694 3900 regem
702 3816 826 3901 Angliae
834 3816 983 3902 opinatus
992 3827 1039 3879 est
1048 3818 1242 3904 concepisse:

290 3941 391 4003 quum
401 3919 484 3982 enim
493 3918 576 3983 idem
588 3941 644 3981 rex
654 3940 713 4003 pro
722 3919 923 3984 reformanda
933 3916 992 3982 sibi
1001 3940 1089 4005 pace,
1095 3922 1244 4000 Francos,

288 4020 328 4082 de
343 4043 478 4107 quorum
500 4020 639 4084 amicitia
659 4019 849 4098 confidebat,
864 4024 1028 4105 operosius
1048 4019 1241 4097 sollicitaret,

290 4130 322 4179 et
356 4117 492 4184 electum
523 4120 751 4184 carnotensem
782 4118 944 4182 didicisset
974 4114 1243 4182 Christianissimo

294 4221 362 4300 regi
383 4218 569 4283 familiarem
591 4243 657 4284 esse
676 4243 744 4306 pra:
767 4220 898 4292 caeteris,
914 4243 952 4282 eo
967 4214 1055 4301 quod
1071 4213 1148 4276 alios
1162 4219 1245 4303 opti.

294 4330 394 4382 mates
405 4321 581 4405 praecedere
593 4322 734 4386 creditur
746 4321 779 4384 in
792 4320 904 4383 timore
914 4315 1044 4383 Domini
1055 4326 1087 4378 et
1096 4318 1246 4401 operibus
