3034 5200
293 741 402 821 nea]
677 758 857 805 nnrsronar.
1201 750 1244 808 29

288 1021 509 1088 EPISTOLA
531 1022 774 1089 CXCIX-an
789 1041 870 1086 nro.
885 1038 1066 1086 emmona
1081 1037 1241 1085 rucuma

653 1122 699 1205 [a.
712 1142 744 1187 u.
762 1124 871 1206 neu]

526 1282 691 1364 Magistro
710 1281 854 1345 Girardo
869 1276 998 1344 Puella

328 1417 382 1480 Er
396 1414 426 1480 si
440 1416 533 1480 vobis
547 1435 650 1499 nuper
668 1414 850 1498 scripserim
866 1436 939 1499 quae
954 1415 1144 1480 ridebantur
1158 1419 1236 1482 scri·

284 1518 393 1584 banda
411 1539 469 1602 pro
491 1528 644 1601 tempore,
657 1527 764 1581 tamen
786 1517 889 1580 instar
909 1517 1060 1581 amicitiae
1081 1521 1238 1602 torpentis

288 1620 422 1683 arbitror
434 1620 517 1684 inter
534 1619 729 1683 necessarios
749 1638 876 1683 cessare
891 1618 980 1681 verbi
1001 1620 1240 1698 commercium,

285 1719 594 1804 praesertim-oblata
618 1740 660 1783 ex
686 1739 890 1804 quacumque
920 1719 1093 1784 occasione
1121 1741 1238 1805 oppor-

287 1821 423 1885 tunitate
451 1821 614 1906 colloquii.
671 1821 806 1886 Celebre
846 1820 1006 1905 siquidem
1035 1824 1237 1905 proverbium

287 1932 346 1999 est,
361 1925 465 1987 Verba
483 1923 677 2000 amantibus,
690 1933 722 1987 et
744 1923 910 1986 servilibus
929 1921 1070 2004 ingeniis
1090 1925 1237 2008 querelas

284 2045 350 2087 nou
364 2023 484 2089 deesse.
529 2025 694 2098 Quantum
709 2045 785 2088 vero
804 2023 967 2088 silentium
981 2024 1016 2087 in
1031 2023 1236 2107 professioni·

283 2128 344 2190 bus
365 2127 522 2208 religiosis
535 2127 578 2190 ad
599 2128 722 2191 cultum
738 2125 875 2211 justitiae
896 2125 1051 2209 proficere
1074 2147 1236 2208 commou-¹

282 2229 384 2309 datur,
399 2239 523 2292 tantum
543 2229 688 2311 profecto
708 2227 910 2292 convincitur
924 2227 1040 2292 amoris
1054 2227 1187 2311 perdere
1201 2239 1237 2294 et

284 2351 435 2410 generare
457 2328 641 2393 desectum..
672 2327 808 2412 Impulit
828 2348 904 2409 ergo
918 2350 970 2392 me
985 2329 1132 2394 stimulus
1153 2329 1235 2393 cari·

282 2431 369 2507 tatia,
393 2430 555 2513 portitoris
583 2431 823 2515 opportunitate
850 2431 1002 2495 divinitus
1027 2434 1155 2511 collata,
1176 2453 1235 2515 per

281 2534 391 2596 literas
415 2531 582 2612 sciscitari,
604 2554 646 2596 an
667 2533 754 2598 circa
777 2543 894 2624 statum
916 2546 1054 2598 restrum
1077 2534 1112 2598 in
1139 2537 1233 2600 alter·

284 2645 385 2697 utram
395 2633 530 2696 sortunae
544 2643 666 2716 partem
683 2631 723 2696 de
737 2654 822 2697 novo
836 2634 878 2697 sit
891 2636 1013 2720 aliquid
1023 2638 1235 2716 immutatum,

280 2746 312 2798 et
327 2756 368 2799 an
379 2734 500 2817 aliquid
512 2754 571 2818 pro
586 2755 625 2798 ea
640 2746 762 2800 certum
773 2738 961 2818 acceperitis
972 2736 1014 2800 de
1026 2737 1233 2821 expeditione

281 2837 479 2921 imperatoris
498 2845 532 2899 et
546 2836 586 2900 de
603 2848 708 2901 vestro
729 2836 927 2916 Coloniensi,
942 2859 1026 2923 quos
1048 2839 1140 2901 Deus
1155 2858 1231 2901 cou-

278 2949 390 3015 vertut,
406 2937 433 2999 si
449 2936 669 3019 predestinati
690 2947 777 3012 suut,
792 2948 826 3000 et
839 2958 898 3019 per
916 2937 1096 3019 condignos
1111 2937 1232 3001 fructus

281 3037 478 3122 poeuitentiae
506 3038 541 3099 iu
570 3037 692 3101 unitate
728 3038 889 3101 Ecclesiae
923 3038 1105 3103 constitutis
1134 3039 1235 3103 donet

283 3138 423 3211 veniam,
435 3148 467 3201 et
481 3149 631 3219 purgatos
645 3136 838 3217 introducat,
848 3151 881 3203 et
893 3140 1050 3223 perducat
1064 3139 1106 3203 ad
1121 3141 1231 3204 vitam:

284 3238 425 3322 alioquin
448 3238 566 3319 virgam
593 3238 706 3302 suroris
740 3239 789 3303 sui
824 3239 1002 3304 cedentem
1033 3243 1172 3324 populos
1197 3243 1230 3305 iu

282 3338 514 3421 indignatione,
545 3340 767 3423 corripientem
800 3342 987 3407 Ecclesiam
1023 3342 1232 3425 castigatione

282 3438 404 3505 crudeli
424 3440 603 3523 confringat
618 3441 801 3505 Altissimus
820 3441 1001 3505 misericors
1021 3453 1054 3505 et
1068 3443 1233 3506 miserator

281 3540 451 3605 Dominus.
496 3540 548 3603 De
563 3552 648 3605 statu
662 3561 735 3603 meo
755 3561 838 3604 nora
851 3542 990 3605 scribere
1004 3563 1141 3625 nequeo,
1156 3546 1233 3627 quia

282 3643 373 3706 circa·
390 3663 442 3704 me
468 3642 548 3704 nihil
574 3654 624 3705 est
646 3643 845 3706 innovatum.
890 3641 955 3705 Sed
977 3644 1032 3726 qui
1055 3653 1160 3705 vester
1187 3646 1230 3708 fui

278 3743 469 3818 recedentis,
495 3742 692 3827 ubicumque
717 3743 777 3806 sim
803 3753 836 3806 et
862 3742 1057 3827 ubicumque
1086 3745 1230 3808 locorum

278 3868 335 3909 vos
350 3844 485 3926 degatis,
500 3855 629 3908 auctore
646 3845 798 3921 Domine,
812 3858 916 3908 vester
930 3866 993 3908 ero.
1032 3844 1101 3908 Nec
1117 3845 1231 3909 dubito

279 3945 357 4031 quin
368 3956 401 4009 et
412 3945 701 4029 opportunitatibus
712 3946 802 4019 meis,
815 3946 842 4008 si
856 3965 908 4009 res
923 3947 1077 4029 exegerit,
1088 3946 1232 4008 officiosa

278 4068 347 4112 esse
383 4046 534 4130 disponat
562 4058 667 4110 vestra
701 4047 862 4115 sedulitas.
916 4048 1095 4111 Poterimus
1124 4052 1242 4105 autem.

277 4148 379 4229 magia
397 4146 439 4224 ad
459 4147 599 4210 invicem
621 4147 757 4210 officiosi
781 4167 863 4226 esse,
885 4146 913 4209 si
933 4147 997 4230 ipsi
1017 4138 1230 4228 philosophie

279 4247 383 4332 (cujus
405 4248 595 4331 professioni
619 4247 738 4310 diutius
765 4267 893 4329 operam
919 4241 1078 4316 dedimus)
1102 4257 1231 4303 curave-

279 4348 584 4431 rimusdiligentius
605 4346 767 4430 inservire,
784 4358 826 4430 ut,
842 4345 940 4406 simus
957 4338 1106 4419 (scilicet)
1122 4338 1244 4432 potius·
