3034 5200
286 699 328 758 96
546 709 683 754 scaurus
697 705 973 752 sanasnsnruusrs
1141 691 1188 765 [a
1206 707 1237 750 n.

281 862 375 948 juriis
398 871 430 925 et
452 861 713 946 oppressionibus
734 861 862 923 nostris.
905 861 967 923 Jus
988 866 1038 920 est
1057 858 1169 942 (pater)
1184 858 1240 940 jus

285 973 334 1028 est
354 982 443 1026 roras
463 960 641 1044 exprimere
661 981 766 1038 voces,
786 960 958 1043 praesertim
982 957 1070 1041 apud
1088 979 1163 1021 eum
1182 958 1239 1040 qui

285 1072 408 1126 amator
429 1072 480 1125 est
500 1071 533 1124 et
553 1071 707 1143 patronus
723 1061 876 1137 veritatis,
896 1070 930 1122 et
950 1058 1044 1142 cnjus
1064 1059 1240 1120 ministerio

285 1162 423 1245 Spiritus
437 1163 578 1227 Sanctus
593 1162 691 1245 totins
704 1160 852 1224 salsitatis
867 1161 1022 1242 figmenta
1035 1157 1238 1223 condemnat.

285 1262 424 1327 Viduam
439 1261 661 1345 impatientius
681 1273 932 1347 conquerentem
953 1261 1110 1344 propheta
1127 1260 1241 1322 babuit

290 1373 488 1444 excusatam,
502 1386 543 1429 eo
562 1364 650 1449 quod
672 1365 705 1427 in
728 1364 943 1443 amaritudine
962 1374 1031 1427 erat
1049 1362 1155 1424 anima
1170 1361 1239 1444 ejus

284 1465 327 1528 ob
355 1475 515 1529 recentem
545 1463 604 1527 filii
634 1476 777 1528 mortem.
818 1465 864 1526 Et
888 1485 949 1526 nos
974 1461 1053 1546 quid
1078 1460 1237 1544 patienter

286 1567 376 1650 queri
398 1586 568 1650 possumus
591 1567 676 1630 inter
698 1577 748 1629 tot
773 1576 901 1642 mortes,
922 1584 1076 1638 carceres,
1097 1562 1239 1638 vincula,

285 1668 393 1750 flagra,
407 1668 629 1742 contumelias,
643 1678 788 1743 terrores,
802 1666 929 1743 esuriei,
943 1666 1024 1744 sitis,
1038 1664 1192 1727 nuditatis
1206 1674 1240 1726 et

285 1765 482 1829 multimodae
511 1765 702 1827 calamitatis
737 1763 927 1843 angustias?
973 1765 1008 1827 si
1039 1785 1117 1843 ergo
1139 1766 1238 1847 justae

285 1861 490 1928 amaritudini
506 1861 642 1923 debetur
657 1861 759 1934 venia,
771 1881 905 1942 quorum
922 1863 1052 1943 querela
1066 1861 1240 1943 patientius

285 1962 445 2027 audienda
467 1959 538 2026 est?
563 1981 698 2044 quorum
722 1959 895 2041 gemitibus
916 1960 1018 2042 magis
1040 1962 1239 2042 compatien-

285 2060 381 2127 dum?
403 2081 538 2145 quorum
554 2080 667 2144 preces
680 2060 854 2142 benignius
869 2059 1038 2124 audiendas
1053 2081 1072 2123 a
1087 2063 1238 2125 Romano

283 2162 449 2248 pontifice,
477 2182 573 2245 quam
608 2163 739 2225 exulum
775 2162 1052 2226 cantuariensium
1088 2163 1145 2247 qui
1179 2186 1238 2246 pro

283 2263 404 2328 tuenda
425 2264 570 2326 libertate
593 2263 765 2340 Ecclesiae,
778 2283 837 2346 pro
860 2262 1039 2328 astruendis
1062 2265 1237 2348 privilegiis

284 2364 471 2447 apostolicae
487 2362 572 2427 sedis
587 2363 756 2446 proscripti
772 2385 842 2426 esse
857 2365 1056 2430 noscuntur?

326 2467 469 2544 Utinam,
484 2475 584 2550 pater,
599 2476 705 2538 essent
724 2486 816 2529 aures
836 2477 949 2532 vestrae
972 2468 1013 2532 ad
1032 2491 1088 2534 ora
1107 2471 1190 2551 regis
1203 2479 1236 2532 et

284 2567 468 2652 optimatum
485 2561 643 2631 Franciae!
667 2566 790 2631 utinam
804 2567 956 2633 audiretis
968 2570 1130 2654 quomodo
1144 2571 1237 2635 vobis

282 2670 435 2733 insultant
456 2669 564 2732 hostes
579 2669 750 2743 Ecclesiae,
767 2679 800 2734 et
817 2670 882 2733 fere
903 2671 1043 2734 universi
1066 2671 1237 2735 detrahunt

283 2767 393 2834 robis!
422 2770 477 2844 Et,
493 2769 519 2832 si
535 2791 606 2834 vera
621 2781 697 2833 aunt
711 2790 784 2853 quae
798 2769 1012 2852 praedicantur
1025 2770 1059 2833 in
1074 2772 1236 2853 compitis,

282 2891 346 2933 non
357 2869 525 2954 videoque
535 2869 632 2934 modo
643 2869 794 2954 majestas
803 2878 907 2933 vestra
915 2870 1122 2953 probabiliter
1132 2873 1237 2935 valeat

281 2971 437 3034 excusari.
482 2971 638 3035 Praetereo
662 2970 748 3055 quod
771 2970 908 3053 insignis
923 2972 976 3033 ille
996 2970 1128 3056 jurator,
1143 2974 1236 3055 quasi

281 3091 315 3134 re
330 3071 414 3134 bene
437 3080 536 3151 gesta,
553 3071 594 3134 de
616 3092 715 3135 manu
729 3083 835 3135 vestra
850 3072 1041 3138 decanatum
1056 3075 1184 3159 accepit
1203 3085 1237 3139 et

281 3190 388 3235 curam
403 3168 571 3232 multarum
593 3170 781 3247 animarum,
797 3173 844 3236 vir
864 3175 1007 3257 probatae
1020 3177 1182 3260 religionis
1203 3186 1236 3240 et

280 3271 372 3335 samse
387 3268 507 3346 hilaris,
523 3270 578 3353 qui
592 3290 652 3333 nee
669 3291 734 3334 uno
749 3293 858 3337 meuse
874 3276 1128 3342 ecclesiasticum
1144 3277 1234 3342 addi-

281 3371 360 3436 dicit
384 3370 488 3433 ritum.
533 3368 597 3434 Sed
619 3372 778 3455 numquid
800 3375 992 3439 eximendus
1011 3390 1078 3440 erat
1098 3400 1118 3440 a
1134 3378 1234 3461 juris·

281 3471 422 3537 dictione
444 3471 588 3534 omnium
609 3472 847 3555 episcoporum,
869 3486 905 3539 ut
926 3478 957 3540 ei
980 3476 1075 3554 (sicut
1095 3477 1234 3540 fautores

280 3574 328 3638 sui
351 3573 534 3656 gloriantur)
552 3572 737 3636 auctoritate
757 3576 936 3656 apostolica
957 3577 1068 3639 saevire
1082 3577 1178 3640 liceat
1198 3578 1233 3639 in

279 3674 440 3759 subjectos
469 3694 535 3737 non
565 3686 722 3738 reservato
747 3677 794 3739 eis
819 3677 1043 3760 appellationis
1068 3678 1231 3742 remedio?

279 3776 448 3860 Numquid
473 3775 571 3840 tantis
597 3786 663 3840 erat
691 3776 866 3859 privilegiis
895 3778 1112 3854 extollendus,
1134 3790 1170 3841 ut
1197 3780 1232 3842 in

278 3879 408 3943 introitu
422 3900 480 3942 suo
493 3889 595 3942 vestra
610 3879 800 3943 auctoritate
820 3879 1007 3943 convocatis
1022 3878 1186 3963 episcopis
1199 3892 1233 3944 et

278 3979 365 4044 claro
376 3979 500 4062 Angliso
512 3978 688 4056 mandaret,
699 3999 739 4042 ne
751 3977 974 4042 cantuariensi
986 3978 1232 4063 archiepiscopo

278 4080 455 4157 obedirent,
471 4079 577 4144 velud
597 4080 703 4162 ipsum
719 4076 824 4140 vocati
846 4076 1049 4153 abcederent,
1061 4088 1095 4141 ct
1107 4088 1144 4142 ut
1157 4080 1231 4162 jure

278 4178 548 4243 excommunicati
574 4177 644 4240 siue
670 4172 888 4237 satisfactione
913 4184 945 4236 et
966 4172 1117 4239 cautione
1142 4180 1231 4242 omni

278 4276 515 4344 absolverentur
533 4278 567 4341 in
584 4273 756 4356 sacrilegiis
771 4274 1032 4356 perseverantes?
1059 4277 1105 4341 Os
1122 4301 1230 4343 meum
