3034 5200
292 708 400 788 llos]
668 724 846 770 nersroua.
1204 710 1245 766 49

291 879 377 940 nolle
391 878 605 962 acquiescere.
636 879 734 941 Hanc
748 876 893 939 Christus
909 875 1016 938 edicto
1026 875 1240 959 promulgavit

286 988 319 1041 et
329 977 465 1042 firmavit
475 980 640 1062 exemplo,
649 979 751 1042 sactus
762 976 919 1040 obediens
930 997 1030 1059 nsque
1041 974 1083 1039 ad
1092 985 1238 1055 mortem,

286 1076 406 1143 docens
421 1081 538 1163 quibus
553 1079 671 1142 finibus
689 1078 790 1141 virtus
812 1077 1004 1141 obedientiae
1019 1075 1135 1140 debeat
1154 1076 1237 1139 linri-

285 1178 352 1241 tari.
397 1178 622 1243 Obediendum
654 1178 739 1241 enim
771 1189 821 1242 est
847 1198 912 1240 non
941 1178 1038 1241 modo
1068 1197 1170 1261 usque
1196 1173 1238 1239 ad

278 1277 439 1361 jacturam
450 1279 670 1363 temporalium
681 1288 714 1340 et
728 1277 870 1360 corporis
880 1278 1051 1354 cruciatus,
1061 1275 1120 1340 sed
1133 1295 1236 1360 usque

283 1378 324 1442 ad
341 1380 464 1443 exitum
485 1379 607 1454 mortis,
623 1387 655 1440 et
673 1379 702 1442 si
716 1379 851 1442 certain
873 1380 1064 1441 necessitate
1083 1388 1236 1454 cessatur,

285 1478 384 1543 virtus
394 1479 585 1543 obedientiae
591 1501 655 1542 non
665 1480 845 1562 assequitur
854 1480 1003 1563 palmam.
1018 1477 1237 1560 Sapientiores

286 1581 384 1643 amici
397 1582 514 1644 melius
530 1582 660 1644 sortasse
676 1582 863 1644 consulent:
894 1579 951 1642 sed
967 1601 1027 1660 ego
1045 1579 1132 1656 (Deo
1146 1578 1236 1656 teste)

287 1682 329 1745 ad
345 1703 487 1766 praesens
498 1681 695 1746 commodius
706 1681 827 1746 nescio.
866 1681 922 1744 Sic
933 1683 1020 1746 enirn
1031 1679 1161 1743 Domini
1173 1678 1238 1742 mei

287 1782 311 1842 J
313 1804 370 1847 esu
385 1781 502 1848 Christi
523 1783 624 1866 gratia
642 1804 811 1867 persuasus
826 1805 906 1861 snm,
930 1793 963 1847 et
984 1804 1096 1847 omnes
1114 1782 1235 1845 amicos

288 1883 470 1965 persuaderi
485 1883 641 1962 desidero,
656 1883 745 1966 quod

387 1998 522 2050 Summum
533 1995 611 2049 credo
622 1994 697 2049 nefas
709 1996 823 2048 animam
836 1995 954 2066 praeferre
965 1996 1066 2066 pudori,

392 2083 429 2136 Et
439 2088 543 2155 propter
555 2084 636 2137 vitam
648 2081 750 2135 risendi
762 2080 870 2153 perdere
881 2099 982 2134 causas

302 2378 521 2443 EPISTOLA
545 2378 789 2441 cowll-u>
811 2395 986 2440 ercaanuu
1010 2393 1053 2438 na
1075 2393 1205 2449 nonus,

288 2516 291 2521 >
382 2478 682 2543 consranrruusau
697 2496 893 2543 arrsconusr.
917 2481 963 2557 [a.
981 2498 1010 2542 n.
1030 2475 1137 2556 nea]

326 2663 470 2727 aicardo
483 2664 523 2725 de
540 2662 658 2725 Belua
677 2663 844 2726 Constant.
859 2666 955 2745 episc.
972 2664 1067 2728 Jean.
1084 2664 1196 2727 Seres.

328 2788 1234 2871 SuraaafflictioncdominimeiSarcsberiensisepiscopi,

285 2890 370 2974 quod
386 2889 516 2974 quidem
525 2889 739 2973 justissimum
755 2899 815 2966 est,
830 2890 980 2953 anxiatur
995 2889 1123 2972 spiritus
1134 2908 1234 2966 meus,

286 2989 470 3074 ecquidem
493 2990 628 3069 gravius,
645 3010 712 3072 quo
727 2989 832 3050 minus
853 2990 973 3051 laboris
987 2989 1083 3074 lrnjus
1104 2990 1232 3053 facilem

284 3089 408 3153 exitum
429 3088 527 3151 videt.
570 3089 699 3160 Quanta
713 3099 820 3152 autem
841 3088 1009 3152 sedulitate
1024 3090 1110 3173 apud
1130 3090 1231 3154 domi·

285 3211 365 3253 num
380 3188 644 3252 Cantuarienscm
666 3189 782 3269 egerim
804 3200 839 3252 ut
860 3210 933 3253 eum
955 3190 1124 3267 relaxaret,
1144 3192 1234 3255 novit

284 3292 449 3373 inspector
456 3299 489 3353 et
497 3289 603 3374 judex
614 3290 766 3355 omniurn.
788 3290 854 3355 Sed
862 3291 965 3354 labori
981 3312 1051 3354 meo
1064 3312 1231 3358 successus

286 3391 386 3455 defuit
400 3411 444 3454 ex
467 3391 561 3454 variis
575 3391 690 3467 causis,
707 3414 787 3477 quae
800 3402 944 3456 retexere
962 3413 1231 3475 supervacaneum

282 3493 423 3571 arbitror,
453 3494 529 3577 quia
550 3493 704 3576 plurimas
724 3514 833 3557 earum
855 3493 904 3555 M.
929 3490 1093 3556 Gilbertus
1124 3495 1230 3561 fidelis

281 3603 383 3657 vester
405 3595 446 3657 ab
467 3594 568 3677 ipsius
590 3595 824 3679 archiepiscopi
846 3616 899 3657 ore
922 3594 1054 3658 audivit.
1099 3596 1146 3658 Ut
1161 3621 1234 3664 vero

282 3708 404 3791 taceam
415 3696 562 3778 plurima,
573 3716 616 3758 ex
627 3696 963 3760 cornaximemovetur
973 3695 1234 3784 archiepiscopus

281 3794 367 3877 quod
391 3794 540 3857 dominus
569 3794 818 3858 saresberiensis
841 3796 974 3858 formam
1003 3796 1229 3865 inobedientiae

278 3896 400 3959 caeteris
421 3893 520 3968 dedit,
542 3905 574 3956 et
590 3893 695 3959 adhuc
717 3896 836 3960 assistit
857 3896 1088 3974 Loudoniensi‚
1108 3911 1139 3961 et
1160 3901 1233 3962 aliis

283 3995 339 4078 qui
353 4004 502 4078 quaerunt
524 3994 661 4058 animam
682 3995 752 4079 ejus
768 4006 803 4058 ut
824 3996 966 4059 auferant
985 4018 1065 4059 eam.
1110 3998 1234 4079 Adjicit

283 4096 378 4158 etiam
403 4094 489 4178 quod
513 4096 543 4157 ci
566 4097 802 4159 contumaciter
819 4096 992 4179 scripserit,
1014 4107 1047 4158 et
1068 4098 1128 4158 sub
1151 4115 1230 4174 prae·

282 4204 373 4257 textu
382 4195 498 4259 frivolae
506 4196 741 4277 appellationis,
751 4197 870 4260 crimen
879 4192 1232 4259 inobedientiaestuduit

287 4294 439 4370 colorare,
451 4296 584 4359 sednon
596 4316 668 4357 curn
677 4307 791 4378 postea
802 4294 1060 4376 praesumptionis
1072 4292 1232 4375 poenituit,

331 4410 402 4455 von.
422 4412 457 4457 11.
754 4413 774 4455 n
