3034 5200
283 708 393 788 noa]
669 726 850 772 samsona.
1195 715 1233 773 ll

278 876 551 952 returasubditis,
561 879 644 943 sicut
655 877 856 957 Obededom,
865 899 939 944 arca
949 879 1081 941 Domini
1092 891 1236 962 recepta,

278 979 312 1042 in
328 979 512 1044 ancillarum
534 977 753 1058 facunditate,
767 990 801 1042 et
822 1000 966 1061 gregum,
981 989 1014 1043 et
1036 980 1135 1043 totius
1157 1002 1234 1064 pos·

278 1079 430 1143 sessionis
445 1080 722 1164 multiplicatione,
738 1079 854 1144 dirime
869 1081 1106 1145 benedictionis
1120 1102 1236 1166 exper-

279 1193 328 1244 tus
342 1189 392 1244 est
406 1180 554 1246 fructum.
598 1182 645 1246 Et
660 1181 773 1245 Holda
791 1202 849 1265 per
862 1181 1006 1266 ejusdem
1029 1203 1112 1247 arcae
1126 1203 1237 1266 recep-

278 1283 409 1362 tionem,
424 1284 554 1368 quando
570 1305 642 1347 enm
663 1283 781 1367 impius
797 1283 906 1348 Achaa
921 1283 1060 1366 ejecerat
1080 1304 1101 1347 a
1117 1285 1236 1367 templo

281 1384 426 1462 Domini,
438 1395 612 1469 assequuta
625 1396 675 1448 est
687 1385 722 1446 in
738 1384 866 1448 silentio
880 1385 1071 1468 pontificum
1086 1396 1119 1448 et
1133 1405 1235 1449 sacer-

280 1484 392 1548 dotum
412 1485 546 1566 gratiam
566 1484 759 1569 prophetiae:
789 1484 836 1547 sic
858 1505 915 1548 rex
936 1485 1237 1564 christianissimus,

281 1595 413 1668 recepta
436 1586 471 1647 in
497 1588 595 1667 regno
624 1606 681 1648 suo
704 1585 858 1649 Ecclesia
883 1586 1043 1661 Romana,
1069 1585 1110 1648 de
1136 1607 1237 1649 uxore

284 1686 430 1769 suscepit
445 1685 546 1748 lilium
561 1685 648 1764 fidei‘,
661 1695 790 1750 auctore
808 1687 963 1765 Domino,
977 1698 1010 1750 et
1028 1687 1120 1769 regni
1136 1687 1236 1750 haere·

283 1787 368 1865 dem,
389 1808 485 1872 quem
510 1786 584 1852 data
609 1787 671 1851 sibi
694 1788 838 1851 omnium
860 1787 1084 1871 expetibilium
1107 1788 1238 1871 optione

285 1888 557 1973 fueratpetiturus.
583 1891 680 1952 Nunc
690 1901 796 1953 autem
806 1910 863 1973 pro
873 1889 1069 1953 humanitate
1078 1891 1238 1954 Ecclesia

283 1989 763 2072 exhibitaAnglicanae,noram,
771 2011 865 2073 quam
875 2011 932 2074 pro
942 1990 1071 2053 arbitrio
1081 2012 1138 2054 suo
1148 1989 1239 2054 dabit

282 2090 448 2169 Dominus,
459 2091 589 2172 gratiam
600 2090 801 2154 confidenter
809 2098 968 2174 expectat.
990 2091 1240 2175 Dominuspapa

283 2191 541 2255 cantuariensem
555 2192 818 2276 archiepiscopus
830 2192 934 2255 verbis
949 2202 982 2255 et
996 2192 1122 2275 scriptis
1136 2213 1240 2276 nuper

281 2294 463 2356 consolatus
478 2302 538 2370 est,
554 2303 587 2356 et
611 2294 733 2356 utinam
749 2293 899 2357 omnibus
921 2293 1101 2357 innotescat
1120 2293 1238 2378 quibus

282 2393 487 2477 pactionibus
506 2404 541 2457 et
558 2393 764 2458 cautionibus
783 2394 956 2459 obtinuerit
977 2395 1032 2458 ille
1048 2395 1173 2479 jurator
1187 2396 1237 2458 in·

285 2491 387 2576 signis
408 2515 447 2557 ea
469 2495 510 2558 de
538 2496 654 2578 quibus
675 2496 832 2560 Ecclesiae
859 2495 1029 2561 adversarii
1055 2498 1237 2581 gloriantur.

283 2595 329 2657 Et
339 2606 446 2658 tamen
459 2594 486 2658 si
499 2595 667 2679 pactiones
677 2595 795 2660 fuerint
803 2595 995 2681 adimpletae,
1005 2598 1098 2661 nobis
1108 2596 1236 2663 abunde

285 2696 319 2758 in
338 2697 537 2761 restitutione
561 2698 742 2761 ablatorum
765 2707 798 2761 et
821 2719 902 2782 pace
922 2709 956 2762 et
974 2700 1144 2762 securitate
1163 2719 1237 2782 pro·

285 2809 429 2881 spectum
446 2810 505 2863 est.
539 2800 682 2863 Silentur
695 2800 765 2863 baec
781 2799 907 2864 interim
923 2799 1111 2864 necessitate
1127 2798 1236 2861 obedi-

282 2900 384 2977 entiae,
399 2900 456 2963 sed
472 2921 546 2984 spes
560 2909 611 2963 est
631 2900 663 2963 in
687 2899 778 2963 brevi
799 2899 910 2963 omnia
931 2898 1131 2983 propalanda
1145 2918 1235 2969 esse;

285 2999 369 3083 qnia,
389 3010 425 3063 ut
442 3021 501 3083 pro
524 3010 611 3064 certo
633 2999 821 3077 didicimus,
841 3001 1029 3082 legatorum,
1052 3000 1107 3084 qui
1129 3020 1237 3083 spera-

283 3100 410 3175 bantur,
425 3099 577 3163 adventus
597 3120 773 3184 suspensus
794 3109 853 3179 est,
867 3111 923 3164 aut
939 3100 1070 3163 omnino
1091 3101 1236 3164 sublatus

279 3198 430 3283 juratoris
443 3198 554 3261 fraude
567 3208 741 3283 comperta.
773 3198 926 3264 Rescribe
938 3207 1095 3282 quatenns
1109 3200 1234 3262 licitum

285 3298 387 3374 fuerit,
411 3297 496 3383 quod
522 3300 666 3363 ecclesiae
691 3308 723 3363 et
747 3301 844 3364 nobis
869 3301 904 3363 in
928 3321 1031 3381 agone
1054 3300 1236 3365 Christiano

285 3400 440 3483 expedire
454 3400 549 3464 fueris
564 3401 744 3478 arbitratus,
761 3414 794 3466 et
808 3424 871 3479 me,
886 3402 1079 3484 ubicumque
1094 3404 1237 3465 locorum

285 3503 355 3579 sim,
369 3504 496 3566 noveris
511 3523 581 3568 esse
596 3504 850 3568 amantissimum
865 3502 922 3565 tui.

283 3672 504 3737 EPISTOLA
520 3672 725 3738 CCIV-sn
734 3690 893 3737 sartonam
905 3689 1009 3735 anrsc.
1019 3689 1234 3735 nonrnoaun.

647 3773 691 3853 [s.
709 3794 740 3837 n.
759 3773 869 3853 1162]

415 3909 556 3971 Domino
571 3906 691 3971 Miloni
705 3909 868 3991 Episcopo
882 3906 1097 3971 Morinorum.

327 4024 379 4086 Εο
390 4023 581 4087 sinceritatis
592 4036 704 4089 vestrae
719 4025 832 4089 titulus
846 4024 880 4086 in
896 4025 1026 4089 caritate
1037 4023 1237 4107 splendidius

285 4122 447 4201 elucescit,
462 4144 527 4207 quo
543 4143 586 4186 ex
600 4126 754 4189 relatione
774 4125 884 4189 latoris
898 4126 1103 4209 praesentium
1119 4120 1236 4183 certius

286 4232 421 4299 constat,
437 4222 523 4307 quod
538 4224 622 4288 inter
637 4226 836 4288 fortuitorum
852 4237 1022 4289 eventuum
1039 4219 1189 4294 turbines,
1204 4230 1237 4281 et

286 4322 388 4385 varias
423 4323 580 4405 procellas
616 4325 829 4407 negotiorum,
859 4324 976 4404 quibus
1014 4318 1111 4383 officii
1142 4321 1236 4383 vestri
