3034 5200
291 695 399 774 llus]
675 716 854 762 nrrsrona.
1198 702 1236 761 tl

281 866 422 942 affectio,
436 877 470 930 et
484 869 631 932 voluntas
644 867 686 932 ad
700 868 892 953 obsequium
913 869 1154 954 prompts'nilril
1169 871 1233 934 ari·

280 964 352 1029 dius
362 967 573 1052 concupiscit,
580 990 676 1053 quam
686 979 722 1032 ut
730 970 760 1033 ei
770 971 1020 1053 opportunitssa
1030 971 1234 1054 Deoprmpa·

279 1077 372 1146 retur,
388 1090 453 1152 qus
465 1070 560 1132 amici
575 1070 625 1133 sui
639 1071 814 1134 satisfaciat
826 1072 910 1134 rotis
923 1082 980 1134 aut
992 1072 1115 1134 usibus.
1146 1069 1232 1133 Nam

280 1178 313 1229 et
326 1168 418 1232 Deus
432 1169 579 1234 devotam
593 1180 742 1253 acceptat
752 1192 810 1254 pro
824 1171 1000 1254 adimpleto
1014 1193 1110 1256 opere
1121 1172 1232 1234 volun·

279 1275 425 1344 tatem,et
432 1291 490 1353 pro
499 1269 650 1353 qualitate
658 1279 691 1332 et
699 1269 876 1353 quantitate
883 1271 1061 1334 affectionis
1069 1292 1231 1354 quemque

278 1382 467 1434 remunerat
490 1370 640 1454 Expecto
649 1383 756 1434 autem
768 1383 802 1433 et
811 1392 905 1454 spero
916 1392 936 1433 ι
948 1373 1101 1447 Domino,
1111 1372 1189 1456 quis
1198 1384 1232 1435 et

282 1470 444 1535 devotioni
463 1493 544 1536 mere
558 1471 693 1534 facultas
707 1469 847 1547 dabitur,
861 1482 895 1535 et
916 1475 1058 1554 procella
1075 1486 1184 1536 nostra
1196 1473 1232 1536 in

268 1591 401 1648 arum,
415 1583 544 1635 auctore
559 1572 642 1646 Deo,
656 1572 692 1634 in
705 1573 795 1635 brevi
809 1572 935 1635 facilius
949 1584 981 1634 et
993 1573 1118 1635 felicius
1132 1586 1232 1637 nans·

282 1667 365 1733 itura
378 1680 429 1733 est
443 1693 538 1754 quam
552 1671 705 1735 credatur.
750 1670 834 1735 Haec
857 1685 964 1735 tamen
986 1673 1094 1754 potius
1111 1673 1234 1756 accipi·

284 1782 377 1838 antur
385 1770 520 1835 dictaex
528 1769 716 1836 certitudine
725 1770 805 1835 fidei
814 1792 911 1855 quam
923 1772 1083 1834 scientim:
1098 1773 1232 1856 eoquod

282 1871 388 1932 Deum
403 1869 530 1934 fidelem
545 1871 693 1935 novimus
704 1872 738 1934 in
752 1870 930 1955 prorm'ssis,
941 1873 995 1955 qni
1010 1881 1088 1934 tunc
1103 1871 1232 1935 demum

283 1971 452 2052 gloriosius
465 1991 523 2054 pro
537 1991 572 2034 se
585 1971 781 2053 patientibus
792 1991 884 2033 suum
898 1970 1056 2034 ministrat
1066 1972 1232 2046 auxilium,

284 2070 411 2154 quando
425 2092 555 2156 prorsus
568 2080 675 2135 cessat
683 2070 869 2134 humanum.
898 2071 1030 2134 Interim
1046 2070 1161 2155 probat
1174 2091 1235 2134 nos

284 2173 443 2235 Dominus
454 2170 1087 2260 andiligarnuseum,etsimoramlecerit,
1093 2172 1234 2254 aeqmmi·

283 2274 376 2337 miter
399 2274 585 2337 tolerandus
606 2283 664 2349 est,
686 2273 763 2354 quia
785 2271 941 2355 quicquid
962 2273 1058 2335 nobis
1081 2273 1237 2350 videatur,

284 2375 495 2463 proculdubio
521 2373 625 2436 veniet
649 2383 683 2435 et
711 2393 777 2435 non
806 2371 954 2436 tardabit.
1000 2370 1095 2436 Unde
1124 2386 1234 2437 secure

283 2473 357 2537 dico
373 2475 449 2557 quia
462 2475 498 2536 in
511 2475 601 2537 brevi
612 2474 790 2550 subveniet,
799 2493 899 2556 quum
915 2494 973 2556 pro
988 2486 1076 2537 certo
1090 2474 1233 2537 noverim

285 2574 318 2637 in
341 2574 489 2637 humanis
513 2575 608 2637 rebus
630 2574 712 2636 nihil
736 2572 799 2636 nisi
820 2583 1077 2638 momentaneum
1099 2596 1181 2653 esse,
1203 2584 1237 2640 et

286 2675 488 2759 quod'gloria
502 2673 614 2738 mundi
636 2685 671 2738 ut
685 2675 792 2737 fumus
812 2675 982 2753 evanescit,
998 2688 1032 2739 et
1053 2677 1233 2759 iniquorum

287 2777 359 2841 finis
374 2787 423 2840 est
437 2778 520 2860 ignis
535 2787 567 2841 et
581 2778 704 2841 vermis.
749 2777 795 2840 Et
810 2775 941 2860 quidem
961 2778 1106 2862 reliqniae
1119 2777 1234 2860 impio·

286 2899 354 2941 rum
379 2879 569 2943 interibunt:
602 2891 635 2942 et
656 2888 704 2942 est
729 2880 816 2943 salus
836 2878 994 2963 justorum
1019 2878 1237 2942 indubitanter

286 2980 488 3063 expectanda
503 3002 523 3044 a
537 2976 689 3043 Domino.
726 2980 821 3043 Licet
834 2980 919 3043 enim
933 2980 1052 3065 impius
1066 2980 1237 3044 extollatur

287 3101 382 3162 super
393 3080 506 3144 cedros
518 3080 679 3156 Libani,si
689 3078 853 3143 modicum
859 3081 1086 3163 pertransieris,
1096 3092 1239 3165 patenter

286 3180 458 3262 intelliges,
480 3178 556 3263 quia
576 3180 670 3243 etiam
693 3179 823 3264 quando
845 3184 955 3245 florere
978 3181 1153 3261 videbatur,
1168 3182 1237 3264 jam

289 3304 355 3346 non
377 3294 452 3361 erat,
466 3292 499 3346 et
514 3304 579 3346 non
600 3293 665 3345 erat
684 3284 814 3348 ulterius
828 3285 919 3347 locus
933 3284 1011 3368 ejus.
1047 3286 1146 3349 Ridet
1167 3285 1236 3349 haec

289 3383 457 3467 prudentia
470 3384 585 3462 carnis,
600 3384 656 3448 sed
670 3386 814 3467 prolecto
829 3385 920 3448 Deus
933 3405 999 3448 non
1015 3384 1170 3463 irridetur,
1181 3386 1238 3469 qui

287 3486 412 3549 interim
429 3486 527 3570 juxta
541 3486 746 3549 Salomonem
760 3485 938 3547 irrisoribus
952 3484 1077 3566 flagella
1090 3496 1192 3567 parat,
1206 3495 1241 3549 et

288 3588 384 3651 duros
413 3589 545 3651 malleos
574 3586 678 3651 dorsis
706 3597 738 3649 et
767 3585 944 3648 cervicibus
972 3594 1237 3668 contemptorum.

288 3686 447 3750 Ceterum
463 3685 551 3769 quod
570 3686 612 3749 ad
625 3686 799 3748 humanam
821 3682 1019 3765 opinionem,
1034 3682 1093 3745 tibi
1114 3681 1240 3746 facilius

285 3798 384 3871 patet,
398 3788 431 3850 in
447 3807 512 3870 qua
526 3784 710 3866 conditione
724 3803 896 3857 versemur,
911 3792 944 3845 et
958 3780 1038 3864 quid
1052 3802 1095 3845 ex
1110 3782 1238 3847 decreto

287 3888 461 3952 aulicorum
483 3908 545 3949 nos
567 3886 676 3949 timere
698 3896 845 3967 oporteat
865 3893 921 3947 aut
942 3903 1077 3967 sperare.
1123 3881 1237 3966 Spera·

288 3990 393 4052 bimus
413 4000 537 4052 autem:
569 4009 642 4053 nam
662 3986 705 4049 ad
725 3976 853 4048 omnem
871 3982 1083 4048 humilitatem
1101 3979 1241 4064 prompti

289 4111 408 4163 snmus,
424 4090 501 4174 quia
519 4086 718 4151 conscientia
737 4095 877 4147 servatur
895 4083 1067 4158 indemnis,
1083 4080 1159 4141 dum
1176 4078 1242 4157 legi

290 4190 405 4253 divinae
414 4211 479 4253 non
491 4189 680 4269 derogemus
690 4207 751 4248 nec
763 4185 933 4258 honestati,
943 4204 1007 4265 qua
1017 4174 1243 4243 amissasatius

291 4300 341 4372 est
354 4292 433 4357 mori
449 4311 544 4374 quam
561 4289 674 4351 rivere.
712 4285 843 4347 Nullam
864 4284 954 4365 pacis
967 4269 1149 4358 respuimus
1168 4292 1246 4339 con-
