3034 5200
315 745 356 803 84
580 757 717 802 ioannis
734 756 1011 802 sanesnmunnsm
1166 743 1211 821 [a.
1229 760 1259 801 n.

313 921 349 971 ut
362 909 483 972 eisdem
499 910 687 992 subjaceant
697 911 769 973 satis
784 921 815 972 et
826 911 920 973 simul
929 911 1087 993 patientes
1098 911 1260 992 gaudeant

309 1011 414 1072 simul.
457 1010 577 1074 Valete.

383 1290 601 1364 EPISTOLA
626 1299 897 1366 ccxxvi-io
912 1321 993 1366 mro.
1009 1319 1185 1365 cinnanum

564 1420 731 1468 sennenn.
780 1404 825 1483 [A.
842 1423 872 1467 n.
892 1405 1000 1484 1167]

490 1581 589 1644 Joan.
606 1578 732 1643 Saresb.
749 1575 914 1659 Magistro
930 1579 1077 1642 Girordo.

349 1731 534 1796 Insransra
545 1730 716 1812 portitoris,
725 1741 757 1794 et
768 1733 921 1814 temporis
931 1732 1079 1811 angustia
1089 1730 1258 1794 scribentis

306 1832 434 1916 quidem
447 1834 543 1894 rerba
557 1841 729 1908 coarctant,
741 1831 799 1895 sed
815 1831 1044 1916 scripturientis
1056 1833 1256 1895 allectionem

307 1934 457 1997 cohibere
473 1942 528 1994 aut
550 1943 708 1994 coarctare
731 1954 797 1995 nou
819 1945 963 2016 possunt
1009 1934 1130 1996 Essent
1152 1943 1257 1996 autem

306 2055 393 2098 nunc
408 2035 500 2117 plura
519 2031 688 2095 scribenda
707 2026 766 2114 p'ro
786 2042 937 2114 tempore,
953 2032 1010 2095 sed
1031 2033 1157 2096 enimus
1171 2035 1254 2116 sapi-

306 2134 389 2197 entis
409 2155 452 2196 ex
475 2132 588 2216 paucis
611 2134 703 2215 plura
726 2131 966 2216 deprehendere
989 2135 1163 2197 consuevit.
1209 2137 1256 2198 Ut

304 2255 379 2316 ergo
394 2235 487 2297 vobis
507 2233 642 2316 primum
658 2234 835 2298 innotescat
854 2246 972 2308 nostra,
990 2256 1084 2319 quam
1101 2236 1254 2318 optimam

305 2357 374 2398 esse
390 2335 586 2412 desideratis,
602 2335 756 2413 conditio,
771 2337 922 2401 noveritis
937 2337 1104 2400 dominum
1116 2337 1255 2401 Cantua·

303 2438 437 2499 riensem
449 2447 482 2500 et
491 2439 643 2500 coexules
659 2438 727 2522 ejus
738 2435 874 2521 primum
887 2439 953 2521 regi
969 2438 1253 2518 christianissimo,

300 2537 419 2601 deinde
441 2537 539 2601 totius
560 2539 703 2604 Franciae
726 2540 945 2624 optimatibus,
967 2541 1142 2605 secundum
1166 2539 1254 2624 quod

295 2640 410 2721 operis
440 2638 596 2701 exhibitio
628 2639 764 2723 judicat,
791 2662 861 2704 esse
892 2650 1053 2725 acceptos,
1078 2651 1110 2702 et
1140 2662 1255 2721 pacem

298 2738 448 2802 ccclesiae
470 2738 503 2801 iu
526 2739 624 2817 brevi,
639 2752 676 2802 ut
695 2761 771 2823 spes
794 2749 851 2817 est,
878 2742 1044 2802 affuturam
1067 2760 1087 2801 a
1114 2740 1255 2801 Domino

299 2850 483 2924 expectare.
528 2841 579 2903 Ad
595 2841 655 2903 hoc
671 2842 789 2903 etenim
808 2839 958 2903 destinati
972 2840 1150 2903 cardinales
1163 2842 1253 2904 labo·

297 2952 381 3019 rant,
396 2941 541 3004 dicentes
557 2942 644 3026 quod
666 2943 694 3005 si
709 2941 771 3005 alia
793 2942 843 3003 via
858 2942 1044 3025 vulpeculas
1066 2942 1252 3025 Allopbylo·

299 3062 368 3104 rum
386 3064 588 3125 compescere
605 3053 780 3127 nequeunt,
796 3042 914 3107 caudas
932 3064 1039 3106 eorum
1055 3051 1087 3105 et
1101 3055 1168 3107 sata
1183 3043 1252 3127 jarn

295 3141 334 3203 in
356 3163 476 3205 messes
499 3144 710 3224 germinantia
732 3143 857 3206 facibus
879 3144 1044 3207 succensis
1067 3155 1100 3207 et
1121 3165 1251 3208 succen-

296 3243 451 3307 dentibus
465 3245 591 3305 inureut
607 3243 640 3305 in
656 3244 874 3326 correptiones
895 3256 926 3308 et
946 3247 1128 3328 exemplum
1151 3247 1253 3309 omnis

298 3345 405 3407 carnis
421 3355 453 3406 et
463 3342 684 3425 generationis.
712 3342 782 3405 Sed
798 3344 878 3426 quid
891 3344 987 3405 verba
1001 3364 1111 3405 eorum
1126 3343 1252 3406 recolo?

295 3466 320 3507 a
348 3444 502 3509 fructibus
531 3464 640 3506 eorum
670 3464 901 3525 cognoscemus
930 3464 995 3505 eos.
1052 3443 1118 3505 Vos
1147 3454 1252 3506 autem

296 3545 534 3628 (dilectissime)
546 3566 617 3629 quae
634 3545 719 3608 circa
730 3566 788 3607 vos
803 3553 878 3607 sunt
891 3544 1171 3607 nobisrescribere
1186 3567 1252 3608 non

298 3648 484 3725 gravemini,
499 3659 530 3709 et
544 3647 671 3710 interim
687 3648 720 3711 in
743 3646 952 3710 subventione
967 3645 1113 3709 ecclesiae
1127 3647 1251 3711 naufra-

300 3747 412 3828 gantis,
421 3747 518 3810 immo
529 3748 598 3832 jam
610 3750 788 3815 auxiliante
798 3751 872 3813 Deo
884 3750 1145 3828 convalescentis,
1155 3752 1254 3814 talen-

301 3857 368 3910 tum
383 3846 474 3907 vobis
489 3847 646 3911 creditum
661 3872 801 3931 erogare.
832 3852 917 3915 Nam
933 3852 1065 3914 fortasse
1080 3872 1138 3933 pro
1153 3853 1253 3914 salute

301 3950 475 4012 multorum
488 3968 544 4009 vos
559 3948 601 4010 ad
616 3951 704 4013 illam
716 3953 893 4017 barbariem
906 3953 1066 4015 Dominus
1077 3952 1257 4031 destinavit,

296 4066 333 4117 ut
349 4050 485 4116 contrito
501 4051 681 4114 schismatis
698 4055 815 4137 capite,
828 4053 1030 4117 Coloniensis
1045 4053 1182 4116 ecclesia
1196 4074 1254 4136 per

299 4153 487 4217 industriam
511 4164 646 4215 vestram
673 4153 713 4216 ad
742 4157 933 4219 catholicam
960 4153 1068 4216 redeat
1091 4154 1255 4218 unitatem.

299 4258 476 4335 imperator
491 4254 587 4334 enim,
602 4255 693 4337 quasi
709 4258 802 4319 torris
817 4266 927 4341 raptus
942 4255 981 4318 de
997 4256 1161 4334 incendio,
1176 4278 1254 4319 con·

299 4355 390 4417 susus
414 4358 455 4417 ab
480 4359 558 4419 urbe
583 4356 731 4421 recessit:
763 4369 795 4421 et
817 4359 894 4421 lieet
913 4357 1007 4421 soetor
1031 4358 1218 4422 cadaverum
1241 4382 1260 4421 a
