3034 5200
315 717 374 778 130
591 734 727 778 rotulus
743 733 1021 779 saaasuaarausrs
1173 719 1218 799 [n.
1236 741 1267 784 n

296 991 298 996 Ι
314 908 535 972 EPISTOLA
548 909 816 974 cextra-ao
828 929 1037 975 natnwnruu
1051 931 1268 978 axorrrausmu

384 1025 675 1072 aacnrnraoonuu.
724 1009 769 1088 [a.
782 1028 812 1072 u.
832 1014 925 1073 1168.
941 1013 1059 1076 Mense
1072 1013 1194 1094 Moto]

344 1159 517 1223 Buldwinu
533 1161 711 1223 Eamtenst
726 1159 952 1224 archidiacono
966 1163 1112 1226 Jouunes
1127 1165 1239 1229 Suras-

712 1262 872 1327 hamensis.

314 1437 317 1441 -
357 1397 412 1459 Ex
437 1417 502 1480 quo
524 1415 674 1479 prospere
698 1415 756 1476 per
779 1395 913 1477 gratiam
938 1396 1003 1458 Dei
1025 1398 1111 1461 circa
1133 1400 1271 1464 mediam

315 1499 588 1582 quadragesimam
604 1519 623 1559 a
638 1508 747 1560 sancto
763 1496 893 1579 AEgidio
916 1519 1060 1562 reversus
1077 1521 1158 1580 sum,
1173 1512 1271 1580 tuam,

239 1655 249 1667 ,
317 1601 545 1682 (dilectissime)
562 1619 658 1682 super
672 1600 723 1662 his
738 1620 812 1683 quae
826 1599 860 1661 in
876 1599 1013 1662 Francia
1028 1611 1060 1663 et
1075 1602 1169 1666 Italia
1185 1626 1272 1685 gere-

315 1702 432 1764 bantur
445 1701 634 1783 praemunirc
652 1699 779 1762 decrevi
796 1699 968 1762 caritatem.
1003 1700 1079 1764 Scio
1095 1703 1181 1766 enim
1198 1705 1272 1787 quia

317 1801 475 1864 interdum
498 1800 641 1884 expedit,
664 1811 695 1863 et
718 1821 804 1883 saepc
823 1799 1005 1883 jucundum
1028 1812 1088 1877 est,
1111 1826 1272 1888 praenosse

316 1913 496 1984 temporum
511 1910 629 1980 motus,
641 1910 672 1963 et
688 1902 780 1983 quasi
797 1901 930 1964 satorum
947 1904 1060 1966 seriem
1076 1927 1118 1968 ex
1132 1907 1183 1969 his
1199 1929 1270 1991 quae

314 2012 394 2066 nutu
418 2002 525 2065 divino
549 2003 728 2066 mortalium
751 2004 954 2084 praeveniuut
977 2017 1099 2070 mentes
1126 2017 1270 2071 contem·

315 2104 405 2185 plari.
441 2104 504 2166 Sed
520 2101 649 2188 quiade
665 2125 745 2186 pace
762 2125 870 2186 regum
887 2109 1090 2183 tractabatur,
1107 2118 1138 2171 et
1153 2110 1270 2173 Frede-

315 2205 412 2282 ricus,
428 2205 545 2268 fractus
560 2204 691 2267 crimine
707 2213 739 2267 et
753 2205 930 2287 pertinacia
948 2208 1129 2270 schismatis
1144 2213 1269 2274 err-Au-

316 2315 437 2387 gustus,
453 2307 622 2370 simulabat
644 2327 677 2369 se
698 2308 778 2369 velle
799 2305 840 2370 ad
863 2308 1054 2371 catholicam
1076 2309 1176 2372 redire
1199 2308 1269 2374 uni-

316 2417 422 2485 tatem,
439 2407 638 2490 propositum
654 2407 774 2483 distuli,
789 2408 892 2472 donec
908 2411 1035 2493 plenius
1047 2411 1272 2490 innotesceret,

317 2529 413 2592 quern
429 2511 652 2593 tantanegotia
668 2511 853 2573 sortirentur
863 2521 1020 2574 eventum.
1059 2511 1165 2588 Quum
1183 2516 1269 2577 enim

316 2612 676 2697 Teutonicustyrannus
685 2614 815 2677 sentiret
825 2635 858 2675 se
868 2614 1005 2676 militum
1014 2615 1164 2698 praesidio
1174 2615 1271 2680 desti·

317 2725 431 2791 tutum,
444 2726 476 2779 et
487 2715 591 2780 ltaliae
604 2716 749 2779 civitates
762 2715 793 2777 in
808 2715 910 2797 ipsum
924 2714 1042 2777 irruere
1054 2729 1271 2798 propararent,

317 2827 349 2880 et
377 2818 448 2902 ipse
477 2818 653 2882 temeritate
684 2838 823 2893 suorum,
850 2816 905 2899 qui
934 2816 1077 2877 nobilem
1108 2817 1270 2899 quendam

318 2918 508 3001 Papiensem
530 2929 781 2995 excaecaverant,
798 2916 908 2999 Papiae
924 2916 1054 2979 minime
1071 2928 1157 2980 tutus
1175 2930 1271 2995 esset,

316 3019 410 3102 eique
439 3021 672 3084 Maurianensis
702 3041 811 3084 comes
841 3020 883 3082 ob
912 3019 1046 3103 injurias
1075 3020 1138 3082 sibi
1166 3021 1270 3084 illatas

317 3141 444 3184 omnem
462 3122 581 3184 exitum
598 3123 823 3206 praeclusisset,
840 3131 874 3183 ut
889 3121 1143 3184 Lumbardorum
1158 3145 1271 3186 manus

315 3226 404 3288 nulla
426 3225 547 3288 ratione
576 3245 671 3307 posse
697 3224 831 3286 evadere
858 3223 1026 3301 videretur,
1050 3225 1118 3307 ipse
1145 3226 1271 3289 comitis

319 3323 560 3389 Blandratensis
591 3334 623 3386 et
652 3323 846 3385 marchionis
875 3325 994 3385 montis
1021 3321 1144 3386 Ferrati
1175 3327 1273 3387 fretus

316 3428 445 3503 auxilie,
461 3425 588 3489 divertit
601 3424 635 3484 in
651 3431 764 3484 terram
786 3421 991 3497 marchioniS,
1005 3423 1124 3485 relictis
1139 3424 1271 3503 triginta

261 3601 263 3605 λ
315 3527 479 3591 obsidibus
495 3521 749 3588 Lumbardorum
762 3521 849 3605 apud
867 3520 1082 3585 Blandratum.
1112 3521 1203 3586 Alios
1215 3545 1269 3587 au-

314 3643 377 3691 tem
403 3628 532 3691 obsides
558 3647 639 3709 quos·
666 3636 834 3708 acceperat
859 3645 917 3707 per
943 3636 1047 3687 castra
1074 3625 1269 3689 marchionis

314 3728 422 3790 divisit
444 3727 682 3803 custodiendos,
697 3738 730 3789 et
751 3726 820 3810 ipse
844 3747 916 3789 cum
940 3724 1073 3809 praefato
1097 3728 1214 3788 comite
1236 3741 1268 3789 et

315 3826 504 3900 marchione,
521 3828 598 3910 quia
620 3850 694 3891 eum
715 3825 893 3889 Lumbardi
916 3838 1108 3909 congregato
1128 3826 1270 3889 exercitu

316 3926 466 4013 usquead
480 3928 522 3988 20
534 3927 621 3989 milia
636 3929 773 3993 militum
789 3926 1072 4014 prosequebantur,
1081 3936 1113 3989 et
1126 3927 1271 3991 obsidere

315 4032 530 4105 decreverant,
554 4052 611 4113 per
632 4030 762 4094 castella
784 4029 874 4116 quusi
893 4029 923 4091 in
942 4027 1054 4091 umbra
1073 4028 1184 4110 mortis
1198 4030 1272 4093 lati-

313 4145 383 4196 tans
399 4131 568 4217 fugitabat,
586 4143 621 4194 ut
638 4131 703 4211 vix,
719 4131 801 4195 sicut
817 4132 907 4193 aiunt
923 4127 1014 4212 probi
1030 4128 1088 4192 viri
1105 4128 1190 4214 pleni
1205 4130 1269 4194 fide

314 4248 346 4298 et
368 4234 557 4298 auctoritate
580 4232 637 4317 qui
663 4231 888 4309 interfuerunt,
914 4227 1041 4292 duobus
1069 4229 1182 4295 diebus
1211 4246 1268 4296 aut

314 4335 416 4399 tribus
439 4337 569 4402 auderet
595 4335 628 4399 in
650 4334 761 4399 eodem
785 4332 925 4419 hospitio
947 4346 1152 4418 pernoctare:
1189 4333 1269 4398 hanc
