3034 5200
279 738 341 797 950
542 746 681 791 Joarvrus
693 744 974 790 sannsaunmnsis
1140 722 1184 802 [A.
1203 740 1234 783 n.

281 900 367 986 quod
391 902 480 963 Deus
501 909 636 968 avertat,
658 896 717 960 nisi
740 892 966 982 praecaveritis,
989 908 1094 955 vestra
1116 888 1236 954 duritia

278 1012 476 1089 promerente
488 997 730 1084 perpetuabitur
744 997 776 1060 in
793 994 1030 1080 sempiternum.
1061 997 1236 1058 Monuerat

278 1104 349 1181 hoc,
371 1103 468 1166 immo
493 1110 687 1187 praeceperat
712 1097 861 1161 dominus
887 1118 982 1183 papa,
1005 1095 1061 1159 sed
1087 1118 1144 1158 nec
1166 1094 1233 1181 ipse

279 1227 338 1291 pro
360 1227 418 1267 sua
438 1201 614 1266 reverentia
635 1199 809 1263 exauditus
831 1210 888 1261 est.
933 1196 1100 1284 Numquid
1122 1209 1155 1261 et
1179 1218 1235 1258 vos

280 1305 456 1372 infidelium
487 1324 575 1366 more
612 1300 731 1366 dicturi
761 1299 836 1364 estis
867 1299 997 1363 Christo
1030 1297 1146 1361 iterum
1177 1319 1235 1383 pro

282 1406 412 1472 ecclesia
439 1405 589 1490 patiente,
617 1404 685 1466 Nos
711 1423 773 1465 non
796 1401 950 1466 habemus
975 1399 1156 1486 pontificem
1179 1409 1236 1461 aut

281 1531 396 1596 papam
419 1506 479 1571 nisi
503 1508 684 1570 Caesarem?
719 1503 876 1588 Nunquid
899 1502 979 1565 adeo
1000 1501 1118 1566 timetis
1132 1500 1235 1576 illum,

283 1612 339 1698 qui
354 1622 484 1695 accepta
503 1607 659 1672 divinitus
674 1618 832 1692 potestate
843 1627 977 1690 corpora
993 1625 1107 1667 vexare
1121 1611 1238 1689 potest,

282 1735 343 1777 non
360 1710 503 1798 perdere,
520 1722 554 1772 ut
578 1708 667 1773 illum
684 1707 896 1772 contemnatis
920 1707 976 1792 qui
993 1719 1096 1770 totum
1119 1727 1236 1790 corpus

282 1823 390 1898 potest
412 1823 444 1873 et
471 1812 608 1874 animam
634 1808 767 1894 perdere
792 1809 825 1871 in
852 1808 1053 1892 gebennam?
1093 1808 1127 1870 Is
1153 1819 1237 1870 certe

282 1912 446 1999 praecepit,
477 1923 513 1974 ut
544 1910 684 1996 praelatis
714 1909 909 1984 obediretur,
937 1921 974 1974 ut
1004 1908 1061 1972 filii
1091 1919 1238 1994 parentes

282 2015 449 2090 honorent,
471 2033 647 2095 eorumque
675 2012 877 2075 necessitates
903 2011 1061 2097 excipiant
1089 2009 1237 2096 promtis·

283 2116 362 2179 sima
376 2117 518 2177 caritate.
551 2113 653 2188 Quam
667 2112 810 2197 profecto
826 2134 886 2174 non
900 2112 1016 2176 habere
1027 2111 1237 2188 convincitur,

283 2218 341 2303 qui
355 2216 485 2279 fratrem
501 2213 534 2276 in
550 2212 757 2279 tribulatione
781 2215 920 2300 positum
937 2237 995 2300 pro
1010 2215 1163 2279 facultate
1178 2213 1237 2278 sibi

284 2320 359 2383 data
373 2339 435 2380 non
451 2315 639 2380 consolatur.
686 2316 849 2381 Affectum
867 2340 1005 2404 namque
1026 2319 1140 2383 mentis
1164 2317 1239 2381 vali-

283 2421 411 2496 dissime
439 2417 598 2482 convincit
628 2419 785 2484 exhibitio
813 2421 926 2506 operis.
972 2421 1085 2486 Valeat
1114 2443 1237 2506 semper

284 2522 433 2588 sanctitas
456 2535 571 2600 vestra,
594 2536 626 2586 et
649 2522 681 2585 in
705 2522 754 2586 his
775 2547 849 2610 quae
877 2525 995 2604 monui,
1018 2525 1150 2588 verbum
1176 2523 1237 2588 Dei

285 2627 393 2713 potius
407 2625 549 2690 consulat
566 2647 662 2710 quam
679 2627 807 2691 vicinos,

284 2968 507 3051 EPISTOLA
530 2985 774 3051 ceolla-u>
789 3003 997 3048 mancinum
1021 3004 1238 3050 sunemonnn

485 3106 782 3154 canrunamnsnn·
817 3088 862 3168 [A.
877 3108 907 3151 n.
929 3088 1035 3169 1170]

373 3273 434 3335 Suo
448 3274 574 3334 Britoni
587 3295 657 3334 suus
671 3272 703 3336 J.
719 3272 849 3335 Salutem
864 3277 988 3358 atpium
1004 3279 1155 3359 infulare

661 3384 856 3455 prospectam.

287 3589 290 3593 ⁴
329 3507 385 3569 Ex
395 3499 444 3565 his
455 3523 528 3587 quae
543 3499 741 3565 universitati
752 3514 866 3566 vestrae
875 3502 991 3589 scripta
1002 3518 1076 3569 sunt
1091 3506 1239 3591 colligere

287 3604 414 3693 poteris,
421 3603 537 3691 quidte
545 3602 809 3689 oporteatsacere.
828 3604 1240 3692 Necestquodnugatorias,

286 3721 322 3774 ut
337 3709 499 3785 hactenus,
517 3706 696 3793 praetendas
716 3707 944 3787 excusationes,
960 3710 1036 3796 quia
1050 3720 1177 3796 tempus
1192 3722 1240 3775 est

287 3824 324 3878 ut
338 3811 471 3877 ecclesia
487 3824 590 3875 vestra
604 3810 744 3897 patiatur
763 3823 819 3876 aut
838 3813 1057 3898 compatiatur.
1104 3814 1138 3877 Si
1154 3814 1240 3879 enim

286 3911 568 3979 communicaverit
591 3912 832 3977 necessitatibus
857 3914 965 4000 patris,
990 3914 1022 3978 in
1053 3915 1240 3980 consolatio·

287 4017 391 4093 nibus,
415 4037 495 4101 quas
515 4013 735 4079 indubitanter
757 4016 830 4079 Deo
853 4016 989 4102 propitio
1009 4040 1183 4103 speramus,
1207 4020 1239 4083 in

285 4119 375 4185 brevi
390 4119 577 4183 reflorescet.
624 4117 667 4182 Et
682 4118 812 4205 quidem
828 4142 847 4183 a
861 4134 990 4185 centum
1006 4123 1097 4189 annis
1112 4138 1239 4211 tempus

286 4222 426 4287 extitisse
441 4243 504 4286 non
524 4220 668 4299 arbitror,
686 4244 750 4309 quo
772 4234 838 4287 tam
859 4222 952 4288 facile
972 4238 1077 4311 posset
1092 4228 1133 4293 ad
1148 4251 1238 4315 repa-

287 4324 386 4387 *anda
404 4325 511 4390 omnia
534 4324 666 4413 antiqua
687 4325 853 4412 privilegia
875 4328 1045 4415 respirare3
1068 4331 1094 4395 si
1109 4332 1191 4418 patri
1206 4332 1239 4395 in
