3034 5200
291 701 397 781 rice]
677 719 854 765 urrsrotm.
1185 713 1244 770 119

286 875 400 938 derent
415 875 446 936 in
471 872 596 937 deserto
620 873 798 938 secundum
821 896 940 937 morem
963 877 1115 956 gentium,
1139 891 1170 941 et
1184 901 1240 942 ex·

287 988 438 1062 torquens
460 977 673 1061 caputbovis
695 998 753 1060 pro
777 977 919 1052 numine,
943 991 975 1041 et
997 1001 1055 1063 pro
1079 981 1241 1064 majestate

287 1078 422 1142 adorans
437 1077 557 1142 idolum
574 1075 581 1139 !
606 1077 662 1140 sed
679 1078 763 1141 sicut
778 1078 861 1141 illud
877 1079 1049 1143 contritum
1061 1091 1110 1143 est
1125 1081 1241 1165 Moyse

285 1180 450 1257 redeunte,
465 1181 510 1244 ita
525 1189 556 1244 et
572 1177 653 1242 illud
674 1178 903 1263 quodcumque
919 1180 1010 1243 vobis
1026 1181 1135 1245 datum
1147 1182 1242 1247 fuerit

285 1283 406 1346 idolum
430 1284 673 1346 convalescente
694 1282 768 1363 lege
793 1281 937 1360 Domini,
959 1294 992 1345 et
1011 1283 1053 1346 ad
1068 1284 1239 1348 ecclesiam

286 1384 437 1448 redeunte
447 1384 582 1467 justitia,
600 1392 790 1446 conteretur.
835 1383 923 1446 lllud
937 1384 970 1446 iu
980 1385 1143 1468 pulverem
1152 1408 1241 1450 com·

211 1566 215 1574 ¹
287 1486 446 1549 minutum
476 1507 622 1568 sparsum
649 1495 698 1548 est
726 1485 759 1548 in
790 1484 946 1567 liquorem
976 1507 1071 1569 quem
1101 1489 1241 1571 populus

287 1587 446 1650 bibiturus
461 1597 537 1663 erat,
552 1598 589 1651 ut
605 1588 651 1650 sic
668 1586 756 1671 quod
772 1585 992 1673 adoraverant,
1014 1609 1139 1669 egerere
1155 1610 1241 1652 com-

287 1690 489 1772 pellerentur.
533 1691 578 1753 Et
602 1686 746 1773 quisquis
775 1688 830 1752 ille
852 1689 904 1767 sit,
933 1689 1039 1753 carnis
1060 1712 1153 1774 opus,
1175 1711 1240 1754 nou

289 1791 364 1865 Dei,
379 1788 406 1853 si
421 1801 527 1854 tamen
542 1791 625 1854 bene
641 1812 715 1854 cnm
730 1791 788 1854 illo
799 1791 914 1872 egitur,
930 1791 1088 1874 decapite
1103 1801 1241 1855 vertetur

288 1893 322 1955 in
334 1892 479 1972 caudam,
489 1904 522 1957 et
537 1893 596 1956 erit
609 1893 806 1956 abominatio
821 1893 1002 1957 timentium
1016 1893 1132 1957 Deum.
1157 1895 1242 1958 Nam

289 1995 316 2056 si
331 1995 426 2072 male,
440 2017 505 2059 non
521 1994 699 2058 invenietur
713 1996 806 2058 locus
821 1994 888 2078 ejus
902 1996 938 2057 in
952 2005 1034 2058 terra
1048 2004 1240 2072 sanctorum,

292 2115 388 2176 quam
424 2095 624 2176 dignoscitur
657 2095 886 2177 prophanasse.
946 2093 1012 2157 Sed
1046 2117 1109 2178 quo
1145 2105 1241 2177 pacto

288 2196 416 2277 accidit,
445 2197 535 2281 quod
571 2196 666 2280 primi
703 2197 787 2260 inter
817 2217 929 2259 omnes
967 2197 1121 2261 ecclesias
1154 2198 1243 2279 regni

289 2298 385 2362 totius
401 2300 536 2383 priorem
552 2320 571 2362 a
591 2298 738 2382 principe
754 2299 936 2363 credidistis
950 2320 1021 2362 esse
1044 2300 1241 2382 petendum?

289 2399 349 2463 hac
373 2398 503 2463 sortasse
533 2401 670 2476 cautela,
698 2421 740 2462 ne
763 2400 804 2462 de
834 2411 951 2464 oaetero
980 2401 1150 2465 vendicare
1179 2402 1242 2465 sibi

291 2500 458 2583 quippiam
481 2501 583 2583 possit
601 2501 863 2585 archiepiscopus
877 2502 912 2565 in
933 2503 1096 2568 creatione
1118 2504 1241 2587 prioris.

293 2598 367 2660 Non
384 2595 441 2676 sic,
456 2597 578 2672 fratres,
594 2618 659 2661 non
676 2598 734 2673 sic,
751 2600 829 2683 quin
840 2600 947 2682 potius
957 2602 1129 2665 verendum
1141 2602 1244 2665 fuerat

290 2719 332 2761 ue
341 2697 397 2782 jus
412 2699 565 2763 amittetis
575 2699 755 2783 antiquum,
770 2699 848 2763 dum
858 2700 892 2764 iu
901 2703 1101 2785 prophanam
1112 2702 1245 2786 pergitis

290 2799 489 2878 abusionem,
518 2810 551 2862 et
578 2798 779 2881 privilegium
808 2797 1033 2865 demereamini
1067 2802 1244 2884 proprium,

291 2923 389 2984 quum
404 2900 575 2983 praeripitis
590 2901 740 2964 alienum.
765 2901 896 2965 Utinam
909 2902 1063 2985 perniciei
1073 2904 1168 2984 hujus
1178 2925 1243 2967 uon

292 3002 461 3067 dedissetis
481 3002 675 3084 exemplum,
702 3002 790 3066 beati
810 3002 982 3067 Benedicti
1001 3005 1169 3068 formulam
1190 3006 1245 3070 de·

293 3112 442 3181 serentes,
458 3112 548 3183 terge
562 3114 718 3167 vertentes
732 3104 775 3167 ad
789 3106 905 3187 legem,
919 3106 1076 3187 neglectis
1091 3109 1245 3172 constitu·

293 3206 444 3281 tionibus,
465 3204 583 3289 quibus
606 3206 708 3268 sancti
723 3206 833 3271 Patres
855 3206 1033 3272 docuerunt
1051 3208 1244 3275 Christianis

293 3328 364 3372 esse
393 3305 574 3370 vivendum.
631 3307 756 3379 Quibus
790 3318 898 3372 autem
926 3310 1103 3376 rationibus
1125 3313 1245 3377 aboleri

292 3410 410 3495 poterit
439 3408 587 3484 celebris,
611 3420 644 3472 et
666 3412 793 3492 vulgate
816 3410 951 3495 opinio?
981 3411 1090 3477 Priore
1120 3426 1245 3480 mortuo

291 3511 422 3575 misistis
432 3509 474 3574 ad
484 3511 617 3591 Regem.
642 3511 692 3575 De
704 3512 950 3597 archiepiscopo
958 3534 1019 3577 nec
1030 3515 1150 3578 mentio
1161 3518 1247 3582 facte

226 3623 231 3641 '
292 3622 341 3675 est
369 3612 452 3674 inter
475 3632 542 3674 vos.
588 3610 767 3675 Prudenter
786 3612 910 3695 utique,
932 3624 968 3674 ut
989 3612 1167 3678 absolveret
1189 3615 1245 3679 de-

292 3714 394 3777 functi
422 3712 526 3775 fratris
548 3712 689 3776 animam
710 3734 778 3791 rex,
802 3712 844 3775 ad
867 3732 963 3794 quem
979 3710 1054 3794 jura
1075 3714 1245 3779 sacerdotii

292 3813 426 3879 credunt
439 3814 495 3897 qui
510 3812 675 3897 desipiunt
696 3814 865 3899 pertinere.
908 3812 1063 3897 Alioquin
1083 3817 1163 3879 ratio
1177 3838 1244 3880 non

292 3916 433 3980 occurrit
447 3935 545 3997 quare
566 3935 675 3978 curam
696 3915 872 3978 animarum
890 3915 1044 3998 suscipiet
1065 3916 1181 4000 aliquis
1202 3915 1243 3980 de

292 4038 391 4081 mauu
405 4017 484 4101 ejus,
505 4038 546 4080 ne
574 4017 652 4080 dum
666 4026 851 4095 vestrarum,
874 4018 931 4101 qui
953 4017 1067 4081 merito
1092 4014 1244 4093 scientiar,

293 4116 468 4197 religionis,
491 4126 524 4179 et
546 4116 711 4198 dignitatis
740 4117 818 4179 estis
839 4116 872 4178 in
887 4116 994 4200 capite
1019 4115 1121 4195 regni,
1143 4115 1248 4196 prime

295 4215 371 4278 sede
397 4218 648 4295 Britanniamm,
674 4239 693 4280 a
717 4217 861 4281 Domino
887 4214 1064 4292 constituti,
1090 4235 1154 4297 quo
1180 4226 1249 4282 tote

296 4316 397 4398 possit
418 4318 523 4381 insula
543 4340 600 4401 per
622 4339 680 4381 ros
701 4318 862 4392 illustrari,
885 4325 949 4379 tam
973 4315 1126 4379 doctrinae
1148 4319 1248 4383 verbo
