3034 5200
316 709 381 768 ⁴280
581 722 715 766 Joanms
732 720 1006 765 saansanmansrs
1171 701 1219 780 [A.
1241 724 1277 767 n.

318 892 428 935 camus
439 871 546 958 itaque
558 872 740 959 paternitati
753 881 865 935 vestrae
881 870 1030 957 quatinus
1041 892 1115 934 eum
1128 870 1279 936 adhibita

318 974 499 1037 maturitate
526 974 702 1059 promoveri
726 973 859 1049 faciatis,
883 985 919 1036 ut
942 984 1103 1056 promotus
1126 973 1277 1037 ecclesiae

317 1075 517 1140 necessitates
537 1076 659 1141 facilius
674 1086 707 1139 et
722 1073 845 1139 felicius
864 1075 1014 1162 expedire
1030 1086 1063 1138 et
1083 1097 1276 1159 promovere

317 1176 414 1260 possit
429 1176 589 1242 utilitates.
636 1177 761 1241 Valete.

359 1513 578 1576 llPlSTOLA
602 1513 997 1577 CCCXVll.-nrnsnnn
1014 1533 1056 1574 an
1071 1534 1225 1578 ananan.

681 1613 723 1692 [a.
742 1634 772 1675 n.
793 1615 902 1692 nra]

395 1795 584 1858 Alecacdro
600 1799 701 1878 Popae
717 1798 901 1859 Bartholom
908 1816 974 1858 ons
990 1797 1190 1860 Eoonieosa‘s

696 1899 887 1979 Episcopus.

358 2033 525 2092 Mnnnnrs
551 2040 598 2092 est
623 2029 713 2112 vigor
735 2052 754 2091 a
776 2030 890 2114 capite,
905 2043 935 2092 et
959 2052 978 2091 a
993 2042 1101 2093 sancta
1123 2031 1271 2098 Romana

314 2127 445 2192 ecclesia
469 2142 541 2214 post
571 2129 673 2191 Deum
702 2129 787 2191 salus
812 2142 858 2192 est
884 2128 1026 2192 omnium
1055 2132 1269 2198 ecclesiarum.

315 2230 443 2293 Domini
473 2228 649 2292 cardinales
677 2228 773 2313 legati
798 2230 905 2304 vestri,
929 2230 1078 2294 desolatis
1100 2233 1187 2316 apud
1210 2258 1269 2300 nos

314 2334 540 2415 compatientes
551 2330 698 2411 ecclesiis,
711 2329 856 2394 districta
867 2332 1079 2415 praeceptione
1089 2333 1270 2417 jusserunt,

314 2444 349 2495 ut
367 2432 542 2516 postposita
564 2433 650 2495 omni
664 2431 827 2496 occasione
849 2445 880 2495 ct
905 2454 992 2494 mora
1014 2432 1073 2496 sibi
1092 2437 1266 2501 secundum

313 2537 418 2597 Deum
436 2547 542 2619 patres
558 2534 711 2619 eligerent
724 2547 755 2597 et
772 2551 923 2620 pastores.
965 2533 1079 2621 ltaque
1093 2537 1269 2603 Hereford-

313 2640 397 2701 ensis
420 2636 652 2721 ecclesia‚q11ae
672 2637 796 2701 diutius
817 2637 942 2701 luxerat
963 2651 994 2701 et
1011 2637 1176 2722 languerat
1196 2664 1268 2726 pas-

314 2751 382 2802 tore
408 2740 538 2823 proprio
569 2737 708 2813 viduata,
735 2740 805 2823 pari
832 2752 917 2819 voto,
943 2739 1084 2803 unanimi
1113 2763 1269 2808 consensu

312 2839 410 2903 libere
425 2852 455 2903 et
473 2839 646 2903 secundum
662 2841 811 2905 instituta
822 2863 980 2903 sacrorum
997 2864 1152 2905 canonum
1168 2843 1264 2930 elegit

312 2942 522 3005 venerabilem
553 2942 656 3005 virum
684 2946 724 3006 R.
750 2942 870 3006 archid.
902 2943 1095 3008 Oxeneford.
1126 2946 1265 3010 ecclesiae

313 3068 379 3108 suae
402 3045 586 3108 canonicum
603 3057 666 3107 tam
691 3068 814 3109 morum
839 3068 934 3131 quam
958 3045 1133 3110 litterarum
1156 3048 1267 3113 hones·

311 3157 377 3208 tate
392 3146 607 3231 conspicuum,
622 3147 782 3211 natalibus
797 3147 945 3223 nobilem,
961 3147 1130 3213 habentem
1146 3151 1263 3214 utrius-

312 3267 373 3329 que
388 3246 472 3327 juris
494 3248 651 3330 peritiam,
669 3248 725 3334 qui
744 3247 852 3312 domui
876 3272 941 3314 suae
959 3272 1093 3334 praeesse
1115 3255 1216 3328 novit,
1232 3266 1264 3317 et

311 3343 449 3407 ecclesiae
466 3346 526 3406 Dei
546 3347 790 3412 sollicitudinem
812 3373 931 3433 gerere,
947 3354 1122 3434 gratiosum
1141 3363 1171 3414 et
1187 3352 1264 3417 boni

311 3443 483 3509 testimonii
498 3443 584 3527 apud
601 3467 720 3508 omnes.
765 3448 925 3511 Electioni
947 3452 1017 3533 ejus
1040 3454 1071 3514 in
1096 3454 1264 3537 praesentia

311 3560 420 3611 nostra
433 3559 466 3609 et
485 3546 617 3610 fratrum
635 3559 829 3626 nostrorum,
845 3552 903 3637 qui
922 3575 1031 3617 omnes
1050 3555 1081 3618 in
1098 3556 1183 3620 facto
1202 3558 1264 3621 isto

312 3650 412 3714 loetati
434 3663 465 3713 et
484 3650 621 3714 roborati
645 3662 729 3728 sunt,
744 3650 852 3737 regius
875 3666 921 3717 est
945 3654 1040 3720 datus
1063 3680 1214 3734 assensus,
1229 3673 1262 3722 et

311 3753 452 3815 omnium
469 3752 524 3838 qui
539 3753 709 3818 audierunt
725 3755 815 3818 saror
830 3756 969 3821 accessit.
1006 3758 1138 3822 Pietatis
1152 3756 1261 3841 iraque

313 3864 426 3915 vestrae
440 3852 574 3935 genibus
589 3855 750 3938 provoluti
766 3856 981 3942 supplicamus
1002 3856 1163 3933 attentius,
1179 3879 1260 3939 qua-

311 3958 397 4018 tinus
419 3976 491 4017 eum
508 3954 630 4018 faciatis
652 3957 809 4023 maturius
831 3961 1006 4043 promoveri
1028 3956 1067 4017 ad
1091 3956 1261 4041 expedien-

312 4054 369 4118 das
390 4067 453 4119 tam
475 4078 540 4121 suae
556 4079 650 4141 qnam
675 4058 810 4125 aliarum
833 4058 1031 4122 eeclesiarum
1049 4058 1259 4127 necessitates,

313 4157 431 4221 Valete.
