3034 5200
281 763 389 843 lisa]
664 777 844 826 nrrsrorra.
1187 770 1228 830 93

277 956 345 998 rare
360 943 517 1016 quatenus
532 933 579 996 eis
595 933 724 997 obedire
740 944 906 1010 teneretur,
922 942 955 996 et
969 934 1135 1014 facturum,
1151 958 1227 1000 auc·

276 1047 343 1099 tore
359 1037 441 1109 De0‚
457 1035 545 1120 quod
560 1036 707 1098 ecclesiae
723 1037 786 1098 Dei
801 1035 924 1097 noverit
938 1035 1099 1118 expedire.
1134 1039 1226 1101 Nun·

277 1135 336 1199 ciis
360 1159 489 1220 quoque
513 1158 622 1199 eorum
647 1146 679 1198 et
705 1158 763 1199 suo
788 1137 880 1218 plura
902 1137 1006 1198 verbis
1032 1136 1229 1220 exponenda

276 1239 444 1315 commisit,
453 1239 624 1322 increpans
635 1261 690 1303 eos
701 1240 733 1301 in
747 1240 890 1321 pluribus
901 1260 941 1302 ex
951 1239 1047 1322 justis
1056 1252 1088 1303 et
1099 1242 1229 1305 eviden-

275 1341 361 1403 tibus
377 1341 501 1404 causis:
532 1338 654 1423 rogavit
679 1342 775 1405 etiam
798 1342 949 1405 attentius
970 1351 1005 1404 ut
1023 1341 1118 1427 juxta
1138 1366 1228 1407 mau-

278 1442 388 1505 datum
406 1441 530 1504 domini
549 1464 642 1527 papae
665 1444 960 1507 excommunicatos
983 1457 1057 1507 suos
1079 1457 1228 1526 urgerent

280 1543 320 1606 ad
336 1543 584 1608 satisfactionem
600 1545 649 1607 rel
664 1546 697 1607 in
712 1546 904 1607 sententiam
919 1545 1127 1609 anathematis
1142 1568 1228 1609 revo-

281 1657 406 1709 carent:
432 1665 492 1707 nec
510 1655 603 1707 antea
617 1645 702 1707 credi
717 1657 826 1726 posset
841 1646 928 1729 quod
941 1645 1108 1728 Papiensis
1120 1647 1228 1719 sacrm-

279 1747 333 1810 dia
348 1747 480 1828 collegae
503 1747 550 1809 sui
572 1746 669 1810 fidem
690 1748 872 1810 subvertere
893 1748 1026 1811 valeret:
1058 1748 1121 1810 nisi
1140 1769 1227 1812 nunc

278 1849 453 1913 arundinea
467 1849 593 1913 levitate
609 1862 641 1911 et
654 1849 852 1912 concavitate
871 1849 1049 1912 flecteretur
1063 1849 1105 1913 ad
1120 1871 1228 1912 auram

278 1952 365 2015 venti
395 1971 458 2013 non
492 1950 718 2026 incumbentis,
747 1948 804 2011 sed
837 1950 1076 2013 comminantis:
1115 1973 1228 2014 sonum

276 2055 456 2134 excitantis,
467 2077 531 2117 non
547 2055 674 2137 plagam
690 2052 852 2115 inferentis
864 2065 918 2115 aut
932 2053 1043 2115 ictum.
1071 2055 1228 2132 Fortasse,

277 2158 359 2221 sicut
372 2157 527 2221 hactenus
543 2156 744 2231 credebatur,
761 2155 892 2237 spiritus
911 2155 1050 2218 hominis
1066 2169 1229 2239 promptus

279 2270 343 2323 est:
378 2259 436 2322 sed
463 2258 696 2340 deprehensum
726 2267 776 2320 est
804 2277 931 2320 carnem
962 2279 1031 2320 esse
1060 2257 1228 2322 infirmam.

278 2361 364 2423 Nam
387 2360 427 2422 de
442 2360 615 2433 Willelm0,
633 2359 720 2443 quod
742 2361 782 2422 ab
803 2357 895 2421 initio
910 2357 1067 2422 creditum
1081 2369 1129 2422 est
1142 2381 1229 2424 nunc

276 2461 394 2524 clarius
424 2461 594 2524 elucescit:
630 2461 705 2543 quia
739 2481 835 2544 quam
870 2461 1104 2546 magnanimus,
1133 2483 1229 2545 quam

277 2562 381 2627 fidelis
405 2563 439 2625 in
467 2584 563 2628 causa
581 2563 727 2627 ecclesiae
748 2564 903 2628 Romana
927 2585 1033 2628 coram
1060 2563 1227 2628 Frederico

279 2667 389 2749 Papiae
405 2667 551 2729 inventus
565 2677 631 2729 est:
660 2667 733 2729 talis
756 2675 789 2729 et
803 2676 908 2729 tantus
923 2667 956 2728 in
973 2687 1070 2729 cansa
1084 2668 1228 2729 ecelesiae

278 2756 466 2848 Anglicanae
479 2767 516 2845 (si
532 2767 655 2831 licitum
670 2768 773 2847 suerit)
786 2767 966 2829 invenietur
977 2766 1166 2850 praesidente
1178 2769 1229 2830 vel

277 2870 437 2934 assidente
467 2871 624 2934 Henrico.
669 2871 725 2933 Ex
753 2891 819 2954 quo
849 2868 980 2933 domino
1008 2868 1228 2933 Cantuariensi

276 2993 463 3054 persuasum
486 2982 543 3048 est,
559 2982 593 3035 ut
615 2973 749 3036 istorum
773 2970 990 3034 Cardinalium
1013 2973 1063 3033 vel
1085 2971 1228 3048 aliorum,

278 3073 333 3155 qui
344 3073 480 3135 fructum
490 3074 661 3153 legationis
672 3083 846 3156 expectent
859 3072 892 3135 in
907 3082 991 3135 terra
1001 3073 1085 3156 regis
1095 3073 1229 3155 Angliae,

271 3171 400 3255 judicio
412 3194 445 3235 se
459 3176 546 3237 nulla
556 3175 678 3238 ratione
694 3175 853 3258 subjiciat.
884 3176 935 3237 De
947 3184 1063 3238 caetero
1079 3175 1229 3239 tractattu

278 3274 320 3336 de
346 3295 427 3357 pace
453 3297 573 3356 regum.
618 3277 693 3339 Rex
717 3276 844 3358 Angliae
871 3284 902 3339 et
929 3296 1039 3340 comes
1067 3278 1229 3340 Henricus

278 3376 478 3441 contendunt
501 3388 537 3440 ut
563 3380 642 3442 alter
667 3380 798 3442 alterum
824 3379 857 3440 in
883 3379 946 3441 hoc
973 3380 1103 3460 negotio
1128 3380 1229 3465 possit

276 3478 393 3541 astutia
415 3500 573 3562 superare,
597 3481 654 3544 sed
677 3482 754 3564 quia
775 3480 857 3543 nihil
879 3479 985 3543 adhuc
1008 3483 1130 3564 peperit
1152 3503 1229 3545 con-

271 3592 387 3663 ceptus
408 3604 516 3645 eorum
531 3585 633 3647 relatu
655 3584 799 3665 dignum,
815 3582 902 3646 verbi
924 3580 1019 3664 hujus
1041 3583 1229 3665 exequutio·

279 3680 402 3742 nemin
424 3681 510 3744 uliud
532 3694 659 3765 tempus
682 3682 808 3745 credidi
827 3681 1056 3763 protelandam.
1100 3683 1230 3766 Lugdu·

275 3783 384 3845 nensis
407 3784 669 3866 archiepiscopus
695 3784 866 3847 ecclesiam
894 3793 925 3845 et
951 3782 1111 3847 civitatem
1138 3807 1228 3848 suam

276 3902 349 3943 cum
371 3883 492 3945 honore
507 3893 539 3946 et
555 3884 667 3946 laetitia
689 3884 831 3946 omnium
849 3883 971 3965 recepit
991 3884 1025 3945 in
1047 3885 1127 3947 festo
1142 3885 1229 3949 beati
1255 3958 1259 3968 ¹

275 3983 419 4046 Martini.
436 3983 562 4047 Eadem
573 3984 624 4047 die
635 4006 823 4066 congressus
834 3984 1021 4048 Fredericus
1031 3998 1229 4063 exaugustus

277 4103 350 4145 curn
365 4084 675 4160 Mediolanensibus,
691 4085 817 4148 amissis
832 4089 873 4147 ‘25
889 4085 1053 4159 militibus,
1068 4085 1101 4144 in
1123 4085 1230 4163 sugam

276 4204 384 4248 versus
400 4198 458 4248 est.
495 4187 655 4250 Dominus
670 4208 764 4270 papa,
778 4188 914 4268 receptis
927 4184 1055 4248 nunciis
1071 4182 1126 4265 qui
1142 4182 1228 4247 Con-

277 4286 516 4369 stantinopolim
550 4287 686 4371 profecti
716 4287 840 4349 fuerant
875 4307 949 4348 cum
979 4282 1164 4347 muneribus
1198 4297 1231 4349 et

276 4386 409 4462 honore,
421 4398 454 4451 et
470 4389 615 4452 similiter
628 4388 741 4468 legatis
756 4387 840 4467 regis
856 4387 968 4462 Siculi,
978 4394 1181 4470 prosperatur
1196 4388 1231 4451 in
